
@misc{ministere_de_la_culture_archives_2020,
	title = {Les archives électroniques dans un musée de France},
	url = {https://www.culture.gouv.fr/fr/thematiques/musees/pour-les-professionnels/conserver-et-gerer-les-collections/documenter-et-archiver-en-musee/Les-archives-electroniques-dans-un-musee-de-France},
	abstract = {De nombreuses idées reçues entourent l’archivage électronique. Ce vade-mecum entend faire le point sur tous les aspects de la question et montrer que le principal défi de l’archivage électronique est dans l’organisation et la structuration de l’information en amont, dans la gestion du c},
	author = {{Ministère de la Culture}},
	urldate = {2025-05-19},
	date = {2020-07-20},
	langid = {french},
	keywords = {\_normalisation, {texArchivesNumeriques}},
}

@misc{ministere_de_la_culture_dossiers_2020,
	title = {Les dossiers d’œuvre d’un musée de France},
	url = {https://www.culture.gouv.fr/thematiques/musees/pour-les-professionnels/conserver-et-gerer-les-collections/documenter-et-archiver-en-musee/Les-dossiers-d-aeuvre-d-un-musee-de-France},
	abstract = {Constitués au départ de manière empirique, les dossiers d’oeuvre se sont, au cours du temps, structurés voire standardisés pour devenir les outils documentaires indispensables à la politique scientifique des musées. Cette fiche pratique a pour objectif d’apporter quelques réponses aux qu},
	author = {{Ministère de la Culture}},
	urldate = {2025-05-19},
	date = {2020-07-22},
	langid = {french},
	keywords = {\_normalisation, {texArchivesNumeriques}},
}

@online{texier_projet_2022,
	title = {Projet {VaS}, nouvelle offre de service interministérielle pour l'archivage électronique},
	url = {https://www.archimag.com/archives-patrimoine/2022/02/01/projet-vas-nouvelle-offre-service-interminist%C3%A9rielle-archivage},
	abstract = {L'offre {VaS} (Vitam accessible en Service) est ouverte aux ministères, à leurs opérateurs ainsi qu’aux collectivités territoriales. Les données seront archivées sur le "cercle 1 du cloud de l'Etat".},
	titleaddon = {Archimag},
	author = {Texier, Bruno},
	urldate = {2025-01-20},
	date = {2022-02-01},
	langid = {french},
	keywords = {\_outils, {texArchivesNumeriques}},
}

@misc{comite_interministeriel_aux_archives_de_france_referentiel_nodate,
	title = {Référentiel général de gestion des archives (R2GA)},
	url = {https://francearchives.gouv.fr/fr/circulaire/R2GA_2013_10},
	author = {{Comité interministériel aux Archives de France}},
	urldate = {2025-05-12},
	langid = {french},
	keywords = {\_normalisation, {texArchivesNumeriques}},
}

@misc{ministere_de_la_culture_documenter_2020,
	title = {Documenter et archiver en musée},
	url = {https://www.culture.gouv.fr/thematiques/musees/pour-les-professionnels/conserver-et-gerer-les-collections/documenter-et-archiver-en-musee},
	abstract = {Le musée conserve les collections exposées ou en réserves, mais également un nombre important de ressources documentaires et d'archives. Les publications de cette rubrique vous aideront à traiter cette masse d'informations, parfois foisonnantes.},
	author = {{Ministère de la Culture}},
	urldate = {2025-05-15},
	date = {2020-07-22},
	langid = {french},
	keywords = {\_normalisation, {texArchivesNumeriques}},
}

@online{francart_vocabulaires_2018,
	title = {Vocabulaires dans le web de données : quels outils open-source ?},
	url = {https://blog.sparna.fr/2018/01/23/vocabulaires-thesaurus-web-donnees-skos-open-source/},
	shorttitle = {Vocabulaires dans le web de données},
	abstract = {Je travaille régulièrement sur des projets de gestion et/ou de mise en ligne de vocabulaires (thesaurus, taxonomies) en {SKOS} : pour l’{UNESCO} – voir le précédent billet -, l’{INED} (thesaurus Popin), le Luxembourg, l’{IRSTEA} ou le Réseau Canopé (vocabulaire {ScolomFr}). Ces projets sont réalisés en utilisant de l’open-source sur toute la chaîne, depuis le back-office…},
	titleaddon = {Sparna Blog},
	author = {Francart, Thomas},
	urldate = {2025-05-15},
	date = {2018-01-23},
	langid = {french},
	keywords = {\_outils, \_webSemantique, {texArchivesNumeriques}},
}

@article{rizza_document_2014,
	title = {Le document au cœur de l'organisation muséale},
	volume = {51},
	issn = {0012-4508},
	url = {https://shs.cairn.info/revue-documentaliste-sciences-de-l-information-2014-2-page-30},
	doi = {10.3917/docsi.512.0030},
	pages = {30--43},
	number = {2},
	journaltitle = {Documentaliste-Sciences de l'Information},
	author = {Rizza, Maryse and Barbant, Corinne and Bœuf, Patrick Le and Fargier-Demergès, Stéphanie},
	urldate = {2025-05-15},
	date = {2014-07-04},
	langid = {french},
	keywords = {\_theorie, {texArchivesNumeriques}},
}

@online{ricard_rgpd_2018,
	title = {Le {RGPD} et les archives},
	url = {https://siafdroit.hypotheses.org/792},
	abstract = {Le Règlement européen 2016/679 relatif à la protection des données à caractère personnel ou {RGPD} est entré en vigueur le 25 mai 2018 dans tous les Etats membres de l’Union européenne. La plupart de ses dispositions sont d’application directe. Le {RGPD} est complété par la loi du 6 janvier 1978, dite loi Informatique et Libertés, … Continuer la lecture de Le {RGPD} et les archives →},
	titleaddon = {Droit(s) des archives},
	type = {Billet},
	author = {{ricard}},
	urldate = {2025-05-16},
	date = {2018-06-21},
	langid = {french},
	doi = {10.58079/u5zc},
	keywords = {\_theorie, {texArchivesNumeriques}},
}

@article{clergeau_reseau_2015,
	title = {Le réseau Archives en musées : « se regrouper, échanger, agir ensemble »},
	volume = {52},
	issn = {2428-2111},
	url = {https://shs.cairn.info/revue-i2d-information-donnees-et-documents-2015-3-page-39},
	doi = {10.3917/i2d.153.0039},
	shorttitle = {Le réseau Archives en musées},
	pages = {39--39},
	number = {3},
	journaltitle = {I2D - Information, données \& documents},
	author = {Clergeau, Audrey},
	urldate = {2025-05-16},
	date = {2015-10-05},
	langid = {french},
	keywords = {\_collaborationBibArchMusee, {texArchivesNumeriques}},
}

@incollection{barbelin_dossier_2016,
	title = {Dossier d’œuvre et dossier de régie d’œuvre. Constitution et communicabilité},
	url = {https://shs.cairn.info/documenter-les-collections-de-musees--9782110095480-page-57},
	pages = {57--74},
	booktitle = {Documenter les collections de musées},
	publisher = {La Documentation française},
	author = {Barbelin, Corinne Jouys},
	urldate = {2025-05-15},
	date = {2016},
	langid = {french},
	doi = {10.3917/ldf.merle.2016.01.0057},
	keywords = {\_normalisation, {texArchivesNumeriques}},
}

@book{bechard_archives_2020,
	location = {Paris, France},
	title = {Les archives électroniques},
	isbn = {9782900175101},
	abstract = {La 4e de couverture indique : "Le développement des technologies numériques dans les organisations conduit les professionnels des archives à repenser leurs méthodes de travail. Les compétences acquises dans la gestion des archives papier demeurent pertinentes dans de nombreux cas de figure, mais peuvent se décliner différemment dans la pratique. L'archivage de documents et données numériques nécessite une adaptation des méthodes d'évaluaton, de sélection, de tri, de collecte, d'organisation, de description, de communication et de conservation. De nouvelles compétences sont également indispensables, qu'elles soient techniques ou qu'elle cernent la gestion de projet. Il est essentiel de bien évaluer les charges dans les différents projets d'archivage électronique, voire le retour sur investissement car, en dehors des contraintes juridiques qui pèsent sur les organisations, les contraintes budgétaires constituent un élément fondamental pour construire une politique d'archivage efficace."},
	pagetotal = {96},
	publisher = {Association des archivistes français},
	author = {Béchard, Lorène and Fuentes Hashimoto, Lourdes and Vasseur, Édouard},
	date = {2020},
	keywords = {Archivistique, {CD}974.4, \_theorie, {texArchivesNumeriques}},
}

@article{nouvel_thesaurus_2019,
	title = {Le thésaurus {PACTOLS}, système de vocabulaire contrôlé et partagé pour l'archéologie},
	volume = {3},
	url = {https://shs.hal.science/halshs-02102126},
	doi = {10.21494/ISTE.OP.2019.0356},
	number = {1},
	journaltitle = {Archéologies numériques},
	author = {Nouvel, Blandine},
	urldate = {2025-06-24},
	date = {2019-04-12},
	langid = {french},
	keywords = {\_THESAUgestion, \_outils, {texArchivesNumeriques}},
}

@inproceedings{nouvel_outils_2022,
	location = {Glux-en-Glenne, France},
	title = {Les outils d'indexation des bibliothécaires : Classifications, thésaurus et autres vocabulaires contrôlés},
	url = {https://shs.hal.science/halshs-03879019},
	doi = {halshs-03879019 , version 1},
	shorttitle = {Les outils d'indexation des bibliothécaires},
	eventtitle = {3e atelier "Thesaurus appliqués" du projet {CollEx} Bibracte Ville ouverte},
	author = {Nouvel, Blandine},
	urldate = {2025-06-24},
	date = {2022-10-24},
	langid = {french},
	keywords = {\_THESAUgestion, \_outils, {texArchivesNumeriques}},
}

@article{sassetti-aguilera_archives_2020,
	title = {Les archives de musées : diversités d’approches et qualité du dialogue},
	volume = {L’archivistique, objet de recherche ? Explorations en France et à l’international},
	issn = {0016-5522},
	url = {https://www.persee.fr/doc/gazar_0016-5522_2020_num_257_1_5952},
	abstract = {L’expérience du Metropolitan Museum en matière d’archives, même privées, est riche d’enseignements : la distinction entre archives et documentation est remarquablement posée, l’accès aux documents est encadré et sécurisé, la communication assurée par des archivistes pour les documents identifiés comme «sensibles » , et la gestion purement administrative des dossiers d’acquisition permet une uniformisation des pratiques. Peut-on à partir de cet exemple réfléchir à l’élaboration de procédures spécifiques en matière d’archives publiques de musées en France ? C’est ce que nous souhaitons proposer dans cet article.},
	pages = {227--237},
	number = {257},
	journaltitle = {La Gazette des archives},
	shortjournal = {Gazette des archives},
	author = {Sassetti-Aguilera, Véronique},
	date = {2020-01},
	keywords = {\_collaborationBibArchMusee, \_theorie, {texArchivesNumeriques}},
}
