
@article{chichereau_normes_2007,
	title = {Les normes de conception, gestion et maintenance de thésaurus:Évolutions récentes et perspectives},
	volume = {44},
	issn = {0012-4508},
	url = {https://shs.cairn.info/revue-documentaliste-sciences-de-l-information-2007-1-page-66},
	doi = {10.3917/docsi.441.0066},
	shorttitle = {Les normes de conception, gestion et maintenance de thésaurus},
	pages = {66--74},
	number = {1},
	journaltitle = {Documentaliste-Sciences de l'Information},
	author = {Chichereau, Dominique and Contat, Odile and Dégez, Danièle and Deniau, Alina and Lénart, Michèle and Masse, Claudine and Ménillet, Dominique},
	urldate = {2025-04-30},
	date = {2007},
	langid = {french},
	keywords = {\_normalisation, \_texThesau, \_theorie},
}

@online{perrin_consolider_2020,
	title = {Consolider et enrichir ses données avec les alignements},
	url = {https://opentheso.hypotheses.org/52},
	abstract = {[english version] Interopérabilité, ouverture et réutilisation des données Ressources pour interrelier des vocabulaires Les types d’équivalence du modèle {SKOS} Aligner automatiquement des concepts dans Opentheso L’alignement automatique Sélection des concepts à aligner Sélection des...},
	titleaddon = {Opentheso},
	type = {Billet},
	author = {Perrin, Emmanuelle},
	urldate = {2025-04-29},
	date = {2020-09-28},
	langid = {french},
	doi = {10.58079/sjjk},
	keywords = {\_normalisation, \_texThesau, \_webSemantique},
}

@article{bartholomew_converting_2024,
	title = {Converting the Bliss Bibliographic Classification to {SKOS} {RDF} using Python {RDFLib}},
	issn = {1940-5758},
	url = {https://journal.code4lib.org/articles/18073},
	abstract = {This article discusses the project undertaken by the library of Queens’ College, Cambridge, to migrate its classification system to {RDF} applying the {SKOS} data model using Python. Queens’ uses the Bliss Bibliographic Classification alongside 18 other {UK} libraries, most of which are small libraries of the colleges at the Universities of Oxford and Cambridge. Though a flexible and universal faceted classification system, Bliss faces challenges due to its unfinished state, leading to the evolution in many Bliss libraries of divergent, in-house adaptations of the system to fill in its gaps. For most of the official, published parts of Bliss, a uniquely formatted source code used to generate a typeset version is available online. This project focused on converting this source code into a {SKOS} {RDF} linked-data format using Python: first by parsing the source code, then using {RDFLib} to write the concepts, notation, relationships, and notes in {RDF}. This article suggests that the {RDF} version has the potential to prevent further divergence and unify the various Bliss adaptations and reflects on the limitations of {SKOS} when applied to complex, faceted systems.},
	number = {59},
	journaltitle = {The Code4Lib Journal},
	author = {Bartholomew, Harry},
	urldate = {2025-07-10},
	date = {2024-10-07},
	keywords = {\_normalisation, \_texThesau, \_webSemantique},
}

@article{bermes_cas_2013,
	title = {Cas D : Lier les données internes avec le {LED}},
	issn = {0184-0886},
	url = {https://shs-cairn-info.proxy.chartes.psl.eu/le-web-semantique-en-bibliotheque--9782765414179-page-153},
	shorttitle = {Cas D},
	pages = {153--164},
	journaltitle = {Bibliothèques},
	author = {Bermès, Emmanuelle and Isaac, Antoine and Poupeau, Gautier},
	urldate = {2025-05-19},
	date = {2013},
	langid = {french},
	keywords = {\_texThesau, \_webSemantique},
}

@online{ministere_de_la_culture_vocabulaires_nodate,
	title = {Vocabulaires scientifiques du Service des musées de France {\textbar} Ministère de la Culture},
	url = {https://www.culture.gouv.fr/thematiques/musees/pour-les-professionnels/conserver-et-gerer-les-collections/informatiser-les-collections-d-un-musee-de-france/vocabulaires-scientifiques-du-service-des-musees-de-france},
	titleaddon = {Ministère de la Culture},
	author = {{Ministère de la Culture}},
	urldate = {2025-04-18},
	keywords = {\_normalisation, \_texThesau},
}

@online{perrin_bonnes_2020,
	title = {Bonnes pratiques pour structurer un thésaurus},
	url = {https://opentheso.hypotheses.org/67},
	abstract = {[english version] Les langages {documentairesLa} structure d’un thésaurus Les relations d’équivalence Les relations hiérarchiques La relation générique (genre/espèce) La relation partitive (tout/partie) La relation d’instance (classe/instance) La polyhiérarchie Les termes de tête ou Top...},
	titleaddon = {Opentheso},
	type = {Billet},
	author = {Perrin, Emmanuelle},
	urldate = {2025-04-18},
	date = {2020-09-28},
	langid = {french},
	doi = {10.58079/sjjl},
	keywords = {\_normalisation, \_texThesau, \_theorie},
}

@article{maroye_iso_2015,
	title = {{ISO} 25964 : de la distinction formelle concept/terme préconisée par la norme pour la création et la gestion des thésaurus},
	volume = {52},
	issn = {2428-2111},
	url = {https://shs.cairn.info/revue-i2d-information-donnees-et-documents-2015-1-page-72},
	doi = {10.3917/i2d.151.0072},
	shorttitle = {{ISO} 25964},
	pages = {72--80},
	number = {1},
	journaltitle = {I2D - Information, données \& documents},
	author = {Maroye, Laurence},
	urldate = {2025-04-11},
	date = {2015-04-03},
	langid = {french},
	keywords = {\_normalisation, \_texThesau},
}

@article{lenart_skos_2007,
	title = {{SKOS}, un langage de représentation de schémas de concepts},
	volume = {44},
	issn = {0012-4508},
	url = {https://shs.cairn.info/revue-documentaliste-sciences-de-l-information-2007-1-page-75},
	doi = {10.3917/docsi.441.0075},
	pages = {75--75},
	number = {1},
	journaltitle = {Documentaliste-Sciences de l'Information},
	author = {Lénart, Michèle},
	urldate = {2025-04-18},
	date = {2007},
	langid = {french},
	keywords = {\_normalisation, \_texThesau},
}

@report{noauthor_rapport_2022,
	title = {Rapport scientifique. Bibracte ville ouverte},
	url = {https://www.collexpersee.eu/wp-content/uploads/2020/10/Rapport_scientifique_BibracteVilleOuverte.pdf},
	urldate = {2025-05-14},
	date = {2022-10},
	keywords = {\_THESAUgestion, \_exemple, \_normalisation, \_texThesau},
}

@online{mom_notre_2023,
	title = {Notre catalogue fait peau neuve},
	url = {https://prefixesmom.hypotheses.org/6159},
	abstract = {Ce chantier d’évolution de notre catalogue Frantiq a débuté depuis plusieurs mois pour permettre d’exploiter au mieux les nombreuses informations présentes dans notre catalogue et vous fournir une meilleure ergonomie. Ces améliorations ont ensuite été développées et mises en production cet été 2023, grâce au travail de notre prestataire informatique {TAMIL}, au suivi du directeur … Continuer la lecture de Notre catalogue fait peau neuve  →},
	titleaddon = {Préfixes},
	type = {Billet},
	author = {{MOM}, Bibliothèque de la},
	urldate = {2025-05-14},
	date = {2023-09-28},
	langid = {french},
	doi = {10.58079/t0bl},
	keywords = {\_THESAUgestion, \_exemple, \_texThesau},
}

@online{griveau_nouveaux_2025,
	title = {Nouveaux catalogues : nouvelles interfaces, nouveaux usages},
	url = {https://vousneregardezpasassezlesimages.fr/2025/05/17/nouveaux-catalogues-nouvelles-interfaces-nouveaux-usages/},
	shorttitle = {Nouveaux catalogues},
	abstract = {Les interfaces : nouvelles architectures ? 2100, France, la Bibliothèque nationale vient d’achever la numérisation de l’entièreté de sa collection. Le site François-Mitterrand, reflet de « l’utopie…},
	titleaddon = {Vous ne regardez pas assez les images},
	author = {Griveau, Maxime},
	urldate = {2025-05-20},
	date = {2025-05-17},
	langid = {french},
	keywords = {\_outils, \_texThesau},
}

@inproceedings{bermes_convergence_2011,
	location = {San Juan, Puerto Rico},
	title = {Convergence et interopérabilité : l’apport du Web de données},
	url = {https://experts.bnf.fr/node/34958},
	booktitle = {77th {IFLA} General Conference and Assembly : World Library and Information Congress : Libraries beyond libraries: Integration, Innovation and Information for all},
	publisher = {Fédération internationale des associations de bibliothécaires et d’institutions},
	author = {Bermès, Emmanuelle},
	date = {2011-08-13},
	keywords = {\_texThesau, \_webSemantique},
}

@article{hudon_iso_2012,
	title = {{ISO} 25964 : pour le développement, la gestion et l’interopérabilité des langages documentaires},
	volume = {58},
	issn = {0315-2340, 2291-8949},
	url = {https://www.erudit.org/fr/revues/documentation/2012-v58-n3-documentation01721/1028903ar/},
	doi = {10.7202/1028903ar},
	shorttitle = {{ISO} 25964},
	abstract = {Description du contexte au sein duquel la norme {ISO} 25964 Thésaurus et interopérabilité avec les autres vocabulaires a été conçue et élaborée. Présentation de la structure de la norme. Évocation de l’impact potentiel de cette norme sur l’interopérabilité sémantique des systèmes et sur la recherche d’information.},
	pages = {130--140},
	number = {3},
	journaltitle = {Documentation et bibliothèques},
	shortjournal = {documentation},
	author = {Hudon, Michèle},
	urldate = {2025-05-26},
	date = {2012},
	langid = {french},
	keywords = {\_THESAUgestion, \_normalisation, \_texThesau},
}

@incollection{piton_noms_2004,
	location = {Besançon},
	title = {Les Noms Propres Géographiques et le Dictionnaire Prolintex, les lieux situés hors de France},
	rights = {https://www.openedition.org/12554},
	isbn = {978-2-84867-824-5},
	url = {https://books.openedition.org/pufc/29977},
	series = {Les Cahiers de la {MSHE} Ledoux},
	abstract = {Dictionnaire électronique, Nom propre, {ToponymeNous} abordons un aspect particulier aux noms propres géographiques qui est d’être l’objet de décisions officielles prises dans un cadre national ou international. Après avoir donné quelques informations sur cette particularité, nous revenons sur la première version du dictionnaire Prolintex de noms propres géographiques que nous avons créé. Nous faisons un bilan de son utilisation et nous proposons une nouvelle version de ce dictionnaire.},
	pages = {53--76},
	booktitle = {{INTEX} : Pour la linguistique et le traitement automatique des langues},
	publisher = {Presses universitaires de Franche-Comté},
	author = {Piton, Odile and Maurel, Denis},
	editor = {Muller, Claude and Royaute, Jean and Siberztein, Max},
	urldate = {2025-04-30},
	date = {2004},
	langid = {french},
	keywords = {\_normalisation, \_texThesau},
}

@incollection{bermes_vers_2016,
	title = {Vers de nouveaux catalogues ? Propos introductif},
	url = {https://shs-cairn-info.proxy.chartes.psl.eu/vers-de-nouveaux-catalogues--9782765415138-page-9},
	shorttitle = {Vers de nouveaux catalogues ?},
	pages = {9--12},
	booktitle = {Vers de nouveaux catalogues},
	publisher = {Éditions du Cercle de la Librairie},
	author = {Bermès, Emmanuelle},
	urldate = {2025-05-20},
	date = {2016},
	langid = {french},
	doi = {10.3917/elec.berme.2016.01.0009},
	keywords = {\_outils, \_texThesau, \_theorie},
}

@legislation{noauthor_recommandation_2008,
	title = {Recommandation concernant les noms d'États, d'habitants, de capitales, de sièges diplomatiques ou consulaires (liste établie par le ministère des affaires étrangères et européennes)},
	url = {https://www.legifrance.gouv.fr/jorf/id/JORFTEXT000019509867/},
	number = {91},
	urldate = {2025-05-19},
	date = {2008-09-24},
	keywords = {\_normalisation, \_texThesau},
}

@online{moureau_problemes_1968,
	title = {Problèmes posés par la structure d'un thesaurus},
	url = {https://bbf.enssib.fr/consulter/bbf-1968-05-0201-001},
	abstract = {Un service de documentation doit répondre à la double nécessité d'une diffusion rapide, périodique et systématique des informations et d'une recherche rétrospective de documents répondant à une question donnée. Les problèmes que pose cette conception, problèmes de classification, de sélection, nécessité de relations entre les éléments descripteurs sont étudiés à propos de la réalisation de l'outil d'indexation, le thesaurus},
	type = {Text},
	author = {Moureau, Magdeleine},
	urldate = {2025-05-21},
	date = {1968-01-01},
	langid = {french},
	keywords = {\_THESAUgestion, \_texThesau},
}

@inproceedings{levar_wegner_metadata_2019,
	location = {Athènes},
	title = {Metadata Obscura: Refocusing digital collections through the lens of art history},
	url = {https://library.ifla.org/id/eprint/2491/},
	shorttitle = {Metadata Obscura},
	abstract = {Art librarians in academic libraries often rely on generalists in metadata and digital collections departments to accurately describe visual collections. When these partnerships are successful, students and researchers in art disciplines can use their subject training to discover and contextualize visual resources. However, art researchers may experience disruption and disconnection in their research when they encounter visual collections that were digitized without proper attention to disciplinary expectations. This is especially important in academic libraries, whose primary mission is to support students and faculty, and where university users are inherently subject specific in their research. This paper discusses the decisions and workflows implemented to revise a popular digital collection of 19th and 20th-century trade cards held at the Walter Havighurst Special Collections at Miami University. By aligning subject metadata with the methodologies of art history, librarians improved the accessibility and discoverability of these visual materials for art researchers.},
	eventtitle = {Libraries, Archives and Museums in Dialogue. Art Libraries Section in collaboration with the Subject Analysis and Access Section},
	author = {Levar Wegner, Alia and Hilles, Stefanie},
	urldate = {2025-07-05},
	date = {2019},
	keywords = {\_data, \_texNumeriquePatrimoine},
}

@inproceedings{liu_review_2025,
	title = {A Review of the Application and Development of Artificial Intelligence Technology in Museums},
	url = {https://www.researchgate.net/publication/390434708_A_Review_of_the_Application_and_Development_of_Artificial_Intelligence_Technology_in_Museums},
	doi = {10.1145/3718491.3718523},
	abstract = {Download Citation {\textbar} On Apr 2, 2025, Jun Liu published A Review of the Application and Development of Artificial Intelligence Technology in Museums {\textbar} Find, read and cite all the research you need on {ResearchGate}},
	eventtitle = {The 4th Asia-Pacific Artificial Intelligence and Big Data Forum},
	booktitle = {{ResearchGate}},
	author = {Liu, Jun},
	urldate = {2025-07-05},
	date = {2025-04-05},
	langid = {english},
	keywords = {\_automatisation {IA}, \_texNumeriquePatrimoine},
}

@inproceedings{cher_taking_2019,
	location = {Athènes},
	title = {Taking on the content discovery challenge: The {NLB} Case Study},
	url = {https://library.ifla.org/id/eprint/2494/},
	shorttitle = {Taking on the content discovery challenge},
	abstract = {This paper discusses four major projects undertaken by the National Library Board ({NLB}) to implement content discovery solutions that enhance discovery and accessibility to digitised archived content such as geo-referenced maps, photographs and audio-visual recordings. This paper falls under the “Libraries, archives and museums in dialogue: Improving access to complementary collections” topic.

In November 2012, {NLB}’s role expanded beyond offering library collections when the National Archives of Singapore became an institution of {NLB}. Besides inheriting a treasure trove of primary research material about Singapore government’s corporate memory, public and private records, its role expanded to include collection, preservation and management of those collections. 

First, {NLB} had to consolidate the vast collections across its libraries and the archives to offer a unified research experience. A cross functional team consisting of content specialists and technologists was formed. The team’s first priority was to harmonise content. 

The Archives uses {ISAD}-G (General International Standard Archival Description) to describe archival records while {NLB} uses Dublin Core standard to describe its library collection. Harmonisation is needed to enable a common search interface that offers normalised search results and relevant facets to refine search results. 

This paper will cover the harmonisation process as well as the user research studies to ensure that the labels speak the users’ language, with words, phrases and concepts that are familiar to the users.

Second, having built a common foundation through the data harmonisation project, {NLB} developed new digital research services. One notable example is Spatial Discovery, a platform that allows researchers to search and discover maps from the libraries and archives. The maps are geo-referenced so that researchers can accurately trace the changing landscapes. Beyond {NLB}, the harmonisation project’s outputs have benefitted other local institutions in the cultural heritage business. The National Heritage Board and National Gallery of Singapore were able to leverage the common standards through knowledge and technology sharing via content partnership.

Third, the paper will discuss the {NLB}’s recent experience in leveraging Linked Data and Machine Learning to improve content discovery and access. A common researcher’s feedback is difficulties in drawing linkages between articles with other content. To address the problem, text analysis was used to surface complementary content relevant to the research topic. A linked data feature was also launched to help researchers see the relationships of entities mentioned in the piece of content. Researchers are now able to quickly find out more about the events, personalities and places mentioned.

Finally, beyond employing technologies for content discovery, {NLB} has also used Machine Learning to aid content description. Entity extraction technology was used to geo-tag one million digitised photographs so that they could be delivered on a map view. If done manually, it would be a massive undertaking. The {NLB} is currently in the midst of building its image recognition model to describe its image-based content. When completed, it would be able to assist staff in building metadata by detecting faces and places within images.},
	eventtitle = {Libraries, Archives and Museums in Dialogue. Art Libraries Section in collaboration with the Subject Analysis and Access Section},
	author = {Cher, Patrick},
	urldate = {2025-07-05},
	date = {2019},
	keywords = {\_data, \_texNumeriquePatrimoine},
}

@misc{taboada_ontology_2025,
	title = {Ontology Matching with Large Language Models and Prioritized Depth-First Search},
	url = {http://arxiv.org/abs/2501.11441},
	doi = {10.48550/arXiv.2501.11441},
	abstract = {Ontology matching ({OM}) plays a key role in enabling data interoperability and knowledge sharing, but it remains challenging due to the need for large training datasets and limited vocabulary processing in machine learning approaches. Recently, methods based on Large Language Model ({LLMs}) have shown great promise in {OM}, particularly through the use of a retrieve-then-prompt pipeline. In this approach, relevant target entities are first retrieved and then used to prompt the {LLM} to predict the final matches. Despite their potential, these systems still present limited performance and high computational overhead. To address these issues, we introduce {MILA}, a novel approach that embeds a retrieve-identify-prompt pipeline within a prioritized depth-first search ({PDFS}) strategy. This approach efficiently identifies a large number of semantic correspondences with high accuracy, limiting {LLM} requests to only the most borderline cases. We evaluated {MILA} using the biomedical challenge proposed in the 2023 and 2024 editions of the Ontology Alignment Evaluation Initiative. Our method achieved the highest F-Measure in four of the five unsupervised tasks, outperforming state-of-the-art {OM} systems by up to 17\%. It also performed better than or comparable to the leading supervised {OM} systems. {MILA} further exhibited task-agnostic performance, remaining stable across all tasks and settings, while significantly reducing {LLM} requests. These findings highlight that high-performance {LLM}-based {OM} can be achieved through a combination of programmed ({PDFS}), learned (embedding vectors), and prompting-based heuristics, without the need of domain-specific heuristics or fine-tuning.},
	number = {{arXiv}:2501.11441},
	publisher = {{arXiv}},
	author = {Taboada, Maria and Martinez, Diego and Arideh, Mohammed and Mosquera, Rosa},
	urldate = {2025-06-13},
	date = {2025-03-27},
	eprinttype = {arxiv},
	eprint = {2501.11441 [cs]},
	keywords = {Computer Science - Computation and Language, Computer Science - Information Retrieval, \_automatisation {IA}, \_exemple, \_outils, \_texNumeriquePatrimoine},
}

@inproceedings{heberlein_flipside_2019,
	location = {Athènes},
	title = {On the Flipside: Wikidata for Cultural Heritage Metadata through the Example of Numismatic Description},
	abstract = {This paper reports on an ongoing project at Princeton University Library to model numismatic descriptive metadata using {FRBR}-oo and Wikidata. Wikidata’s lack of cardinality constraints makes it unsuitable as a standalone data model for cultural heritage description but leaves it unrivaled as point of convergence for data from different vocabularies and ontologies. Conversely, {FRBR}-oo’s eventbased approach positions it uniquely to model a complete set of data points relating to descriptive objects’ creation, administrative life cycle, and relationships transcending custodial contexts, but faces implementation challenges owing to its complexity. Using the example of numismatic description, we argue that when deployed in conjunction with one another, the descriptive rigor of {FRBR}-oo mapped to Wikidata and serviced using the Wikibase technology form a production-ready platform for {GLAM} descriptive metadata.},
	eventtitle = {Libraries, Archives and Museums in Dialogue. Art Libraries Section in collaboration with the Subject Analysis and Access Section},
	author = {Heberlein, Regine},
	date = {2019-06-28},
	langid = {english},
	keywords = {\_data, \_texNumeriquePatrimoine, \_webSemantique},
}

@inproceedings{bermes_repenser_2025,
	location = {Dijon, France},
	title = {Repenser les collections patrimoniales par le prisme de l'{IA} 2025},
	url = {https://hal.science/hal-05138697},
	abstract = {The {TORNE}-H project explores the integration of {AI} in the documentary and scientific processing of museum collections. Focused on the Henrot collection at the musée des Arts décoratifs ({MAD}), it aims to optimize the inventory, indexing, and promotion of artworks through advanced image analysis techniques. Led by {MAD}, the École nationale des chartes, and the {BnF}, the project seeks to rethink human-machine collaboration and develop reproducible processes for other heritage institutions.},
	booktitle = {Conférence Nationale sur les Applications de l'Intelligence Artificielle},
	author = {Bermès, Emmanuelle and Charpier, Marion},
	urldate = {2025-07-05},
	date = {2025},
	keywords = {Collections patrimoniales, Computer vision, Coopération humain-machine, Heritage collections, Humanmachine cooperation, Museum, Musée, Vision par ordinateur, \_automatisation {IA}, \_texNumeriquePatrimoine, \_theorie},
}

@misc{chataut_comparative_2024,
	title = {Comparative Study of Domain Driven Terms Extraction Using Large Language Models},
	url = {http://arxiv.org/abs/2404.02330},
	doi = {10.48550/arXiv.2404.02330},
	abstract = {Keywords play a crucial role in bridging the gap between human understanding and machine processing of textual data. They are essential to data enrichment because they form the basis for detailed annotations that provide a more insightful and in-depth view of the underlying data. Keyword/domain driven term extraction is a pivotal task in natural language processing, facilitating information retrieval, document summarization, and content categorization. This review focuses on keyword extraction methods, emphasizing the use of three major Large Language Models({LLMs}): Llama2-7B, {GPT}-3.5, and Falcon-7B. We employed a custom Python package to interface with these {LLMs}, simplifying keyword extraction. Our study, utilizing the Inspec and {PubMed} datasets, evaluates the performance of these models. The Jaccard similarity index was used for assessment, yielding scores of 0.64 (Inspec) and 0.21 ({PubMed}) for {GPT}-3.5, 0.40 and 0.17 for Llama2-7B, and 0.23 and 0.12 for Falcon-7B. This paper underlines the role of prompt engineering in {LLMs} for better keyword extraction and discusses the impact of hallucination in {LLMs} on result evaluation. It also sheds light on the challenges in using {LLMs} for keyword extraction, including model complexity, resource demands, and optimization techniques.},
	number = {{arXiv}:2404.02330},
	publisher = {{arXiv}},
	author = {Chataut, Sandeep and Do, Tuyen and Gurung, Bichar Dip Shrestha and Aryal, Shiva and Khanal, Anup and Lushbough, Carol and Gnimpieba, Etienne},
	urldate = {2025-06-13},
	date = {2024-04-02},
	eprinttype = {arxiv},
	eprint = {2404.02330 [cs]},
	keywords = {Computer Science - Artificial Intelligence, Computer Science - Computation and Language, \_automatisation {IA}, \_exemple, \_outils, \_texNumeriquePatrimoine},
}

@article{weaver_herbarium_2023,
	title = {Herbarium specimen label transcription reimagined with large language models: Capabilities, productivity, and risks},
	volume = {110},
	rights = {© 2023 The Authors. American Journal of Botany published by Wiley Periodicals {LLC} on behalf of Botanical Society of America.},
	issn = {1537-2197},
	url = {https://onlinelibrary.wiley.com/doi/abs/10.1002/ajb2.16256},
	doi = {10.1002/ajb2.16256},
	shorttitle = {Herbarium specimen label transcription reimagined with large language models},
	pages = {e16256},
	number = {12},
	journaltitle = {American Journal of Botany},
	author = {Weaver, William N. and Ruhfel, Brad R. and Lough, Kyle J. and Smith, Stephen A.},
	urldate = {2025-06-13},
	date = {2023},
	langid = {english},
	keywords = {{AI} automation, {ChatGPT}, Specimen Label Transcription Project, \_automatisation {IA}, \_exemple, \_outils, \_texNumeriquePatrimoine, biodiversity data, curation, digitization, herbarium label transcription, natural history collections, optical character recognition, workflow},
}

@online{filabes_lindexation_2025,
	title = {L’indexation {RAMEAU} assistée par {IA} : retour sur une expérimentation prometteuse},
	url = {https://fil.abes.fr/2025/04/10/lindexation-rameau-assistee-par-ia-retour-sur-une-experimentation-prometteuse/},
	shorttitle = {L’indexation {RAMEAU} assistée par {IA}},
	abstract = {Un service innovant testé par 81 bibliothécaires À l’issue d’une expérimentation conduite entre octobre 2024 et janvier 2025, l’Abes publie le rapport « Indexation  {RAMEAU} assistée par {IA} ». Ce document présente les enseignements tirés de l’évaluation d’un service d’indexation automatique des sujets {RAMEAU}, développé par le Labo et évalué au sein de l’Abes, puis testé par […]},
	titleaddon = {{FIL}'{ABES}},
	author = {{filabes}},
	urldate = {2025-04-11},
	date = {2025-04-10},
	langid = {french},
	keywords = {\_automatisation {IA}, \_exemple, \_texNumeriquePatrimoine},
}

@article{verhulst_reconstitution_1997,
	title = {Reconstitution et réorganisation de l'inventaire ethnographique au musée d'histoire naturelle de Lille},
	url = {https://dumas.ccsd.cnrs.fr/dumas-01717237},
	abstract = {Durant ce stage, je me suis rendu compte que les possibilités du logiciel Micromusée n'étaient pas pleinement exploitées et qu'un meilleur traitement de l'information ne ferait que renforcer la gestion de la collection ethnographique et celle du Musée d'Histoire Naturelle. Il s'agira ici d'analyser les impératifs du musée et de montrer les utilités et les avantages que le logiciel serait à même d'apporter, une fois la reconstitution et la réorganisation de l'inventaire ethnographique accomplie. Après avoir défini de façon générale la notion d'inventaire, j'aborderai tout d'abord l'utilité de Micromusée dans la gestion interne du musée et de sa collection extra-européenne. Je montrerai quels types d'informations pourront être reçus et apportés par l'utilisateur et quels seront les avantages apportés par le logiciel. Dans un second temps, j'aborderai l'utilité de Micromusée dans la gestion externe du musée et de son fonds ethnographique, c'est à dire dans sa mise en réseau. Qu'est-ce-que cette mise en réseau pourra apporter à ses utilisateurs et au Musée d'Histoire Naturelle et quels en seront les avantages et les difficultés ? Enfin, je me tournerai, en guise de conclusion, vers les difficultés d'une normalisation et tenterai de montrer les problèmes existants.},
	pages = {83},
	author = {Verhulst, David},
	urldate = {2025-05-21},
	date = {1997},
	langid = {french},
	keywords = {\_automatisation {IA}, \_exemple, \_texNumeriquePatrimoine, \_theorie},
}

@thesis{gaydon_gaydon_2020,
	location = {Lyon},
	title = {Gaydon, Charlène. Du musée traditionnel au Musée du {XXIe} siècle, la transformation numérique de l’institution : le cas des musées lyonnais.},
	url = {https://www.enssib.fr/bibliotheque-numerique/documents/69395-du-musee-traditionnel-au-musee-du-xxie-siecle-la-transformation-numerique-de-l-institution.pdf},
	pagetotal = {150},
	institution = {Enssib},
	type = {phdthesis},
	author = {Gaydon, Charlène},
	urldate = {2025-05-20},
	date = {2020-03-09},
	keywords = {\_texNumeriquePatrimoine},
}

@book{terrier_eroport_2019,
	location = {Paris},
	edition = {Amarena},
	title = {Aéroport de Paris - Le Bourget : 1910-2019, un siècle d'histoire},
	isbn = {9782956857907},
	shorttitle = {Aéroport de Paris - Le Bourget},
	pagetotal = {160},
	author = {Terrier, Jean-Emmanuel},
	date = {2019},
	keywords = {\_histoire},
}

@collection{nizet_musee_2011,
	edition = {Artlys},
	title = {Musée de l'air et de l'espace : Paris, Le Bourget},
	isbn = {978-2-85495-446-3},
	shorttitle = {Musée de l'air et de l'espace},
	pagetotal = {79},
	publisher = {Musée de l'air et de l'espace},
	editor = {Nizet, Pascale},
	date = {2011},
	keywords = {\_histoire},
}

@book{collectif_musee_2023,
	location = {Paris},
	title = {Le musée de l'air et de l'espace: l'aérogare historique de Paris-Le Bourget},
	isbn = {9782757708606},
	series = {Itinéraires},
	shorttitle = {Le musée de l'air et de l'espace},
	pagetotal = {64},
	publisher = {Éditions du Patrimoine, Centre des monuments nationaux},
	author = {{Collectif}},
	date = {2023},
	keywords = {\_histoire},
}

@book{tilatti_tresors_nodate,
	location = {Paris},
	edition = {Cherche midi},
	title = {Les trésors du Musée de l'air et de l'espace},
	isbn = {978-2-7491-2989-1},
	series = {Ciels du monde},
	author = {Champenois, Bernard and Cohen, Gabrielle and Dhorne, Vincent},
	editor = {Tilatti, Christian},
	editora = {Arnould, Jacques},
	editoratype = {collaborator},
	keywords = {\_histoire},
}

@book{lissarague_histoire_nodate,
	location = {1992},
	title = {Histoire du Musée de l'Air et de l'Espace},
	author = {Lissarague, Pierre},
	keywords = {\_histoire},
}

@online{noauthor_presentation_nodate,
	title = {Présentation et histoire},
	url = {https://www.museeairespace.fr/le-musee/linstitution/presentation-et-histoire/},
	abstract = {Découvrez toute l'histoire du musée de l'Air et de l'Espace},
	titleaddon = {Musée de l'Air et de l'Espace},
	urldate = {2025-07-05},
	langid = {french},
	keywords = {\_histoire},
}

@inproceedings{igoshina_bringing_2019,
	location = {Athènes},
	title = {Bringing Library and Museum Resources Together: How Can Artificial Intelligence Help (based on the Ivan Tsvetaev’s Book Collection Project)?},
	url = {https://library.ifla.org/id/eprint/2490/},
	shorttitle = {Bringing Library and Museum Resources Together},
	abstract = {A few years ago at the Pushkin State Museum of Fine Arts Research Library we began a long-term digitalization program of the most valuable and/or fragile parts of our book collection. For a start, we decided to divide this process into a number of smaller programs, each dedicated to a different collection. One of our first and obvious choices to digitize (and thus make visible and fully accessible) was the collection of our museum’s founder and first director Ivan Tsvetaev (1847-1913), that consists of more than 850 volumes and vividly highlights his scientific interests, academic ties and hobbies. While digitizing Tsvetaev’s books we discovered quite a large number of dedicatory inscriptions (nearly 250) — a very useful complementary source of information on scientific and civil circle of our founder. All the inscriptions were scanned, decoded and translated into Russian, where necessary. Each of the inscription images was also enriched with brief biographies of the inscriptions’ authors (donators).
First of all (and that was the most obvious step) we joined our various digital resources into a common semantic space — a digital collection — using available technical tools that were in our disposal. By compiling descriptions of all units related to the collection in our catalog and linking them with our unified authority data system (such as subject and name indexes), we managed to create a very comfortable in use semantic fragment, that better describes Ivan Tvetaev’s personality and the history of our museum’s creation through the prism of his personal interests and professional contacts.
Then we started contemplating the way of possible connection of this collection to other complementary museum resources, that are kept in other departments and described in other {IT}-systems. One of the possible approaches to bring all these uncoordinated sources together is applying artificial intelligence technology. We found this way intriguing and rather promising.
Our paper is aimed to explain the possible way of data relationship to design a dialogue between the voice assistant and the user while searching through library, museum, and possibly external resources (based on the example of a certain digital collection).},
	eventtitle = {Libraries, Archives and Museums in Dialogue. Art Libraries Section in collaboration with the Subject Analysis and Access Section},
	author = {Igoshina, Ekaterina and Dubrovskaya, Juliya},
	urldate = {2025-07-05},
	date = {2019},
	keywords = {\_automatisation {IA}, \_collaborationBibArchMusee},
}

@article{brawley-barker_integrating_2016,
	title = {Integrating Library, Archives, and Museum Collections in an Open Source Information Management System: A Case Study at Glenstone},
	url = {https://www.researchgate.net/publication/301570205_Integrating_Library_Archives_and_Museum_Collections_in_an_Open_Source_Information_Management_System_A_Case_Study_at_Glenstone},
	doi = {10.1086/685979},
	shorttitle = {Integrating Library, Archives, and Museum Collections in an Open Source Information Management System},
	abstract = {Download Citation {\textbar} Integrating Library, Archives, and Museum Collections in an Open Source Information Management System: A Case Study at Glenstone {\textbar} In 2012, Glenstone began searching for information management systems for the library, archives, and museum collections. After evaluating... {\textbar} Find, read and cite all the research you need on {ResearchGate}},
	pages = {85--113},
	number = {35},
	journaltitle = {Art Documentation Journal of the Art Libraries Society of North America},
	author = {Brawley-Barker, Tessa},
	urldate = {2025-07-05},
	date = {2016-03},
	langid = {english},
	keywords = {\_collaborationBibArchMusee},
}

@inproceedings{eggleston_not_2019,
	location = {Athènes},
	title = {Not just art: the challenges and successes of integrating archival, library and image collections into an art focused collection management system},
	abstract = {Established in 1871, the Art Gallery of New South Wales in Sydney is one of the oldest public art museums in Australia. Alongside a collection of 32,000 art works, the gallery also holds over four hundred art archives (the largest collection in Australia), an extensive visual arts library and a vast collection of visual documentation of Australian art making.},
	eventtitle = {Libraries, Archives and Museums in Dialogue. Art Libraries Section in collaboration with the Subject Analysis and Access Section},
	author = {Eggleston, Claire},
	date = {2019-06-28},
	langid = {english},
	keywords = {\_collaborationBibArchMusee},
}

@online{gautier_partenariats_2023,
	title = {Les partenariats et les coopérations pour les musées},
	url = {https://encyclopedie.wikiterritorial.cnfpt.fr/xwiki/bin/view/fiches/Les%20partenariats%20et%20les%20coop%C3%A9rations%20pour%20les%20mus%C3%A9es/},
	abstract = {Les partenariats et les coopérations pour les musées},
	titleaddon = {Wikiterritorial},
	author = {Gautier, Catherine},
	urldate = {2025-05-21},
	date = {2023-05-16},
	langid = {french},
	keywords = {\_collaborationBibArchMusee},
}

@thesis{bowers_partenariat_2017,
	location = {Lyon},
	title = {Le partenariat entre bibliothèque et musée : un dispositif d'ouverture.},
	url = {https://www.enssib.fr/bibliotheque-numerique/documents/67723-le-partenariat-entre-bibliotheque-et-musee-un-dispositif-d-ouverture.pdf},
	abstract = {L'accès au patrimoine culturel offert par les bibliothèques et les musées leur permet de renforcer leur légitimité auprès de leurs publics. Comment le partenariat et les échanges entre ces deux institutions culturelles françaises confortent-ils cette ouverture ? Leurs rôles respectifs et les réussites de cette collaboration sont étudiés sous leurs aspects socioculturels. L'examen de ce partenariat débouche sur un état des lieux et des bonnes pratiques.},
	pagetotal = {123},
	institution = {Enssib},
	type = {Mémoire de master},
	author = {Bowers, Bridget},
	urldate = {2025-05-20},
	date = {2017-09},
	langid = {french},
	keywords = {\_collaborationBibArchMusee},
}

@online{noauthor_cooperation_2013,
	title = {La coopération bibliothèques-archives-musées et plus si affinités – Journal d'un archiviste},
	url = {https://journaldunarchiviste.fr/2013/12/09/la-cooperation-bibliotheques-archives-musees-et-plus-si-affinites/},
	urldate = {2025-05-21},
	date = {2013-12-09},
	langid = {french},
	keywords = {\_collaborationBibArchMusee},
}

@inproceedings{gartner_archives_2019,
	location = {Athènes},
	title = {Archives, museums and libraries: breaking the metadata silos},
	url = {https://library.ifla.org/id/eprint/2495/1/206-gartner-en.pdf},
	abstract = {To overcome impediments to access for the rich collections held in cultural heritage institutions, some alignment of metadata standards and a consequent enhancement of interoperability are essential. The three sectors in which much of our cultural heritage is to be found, libraries, archives and museums, each employ different approaches to metadata which make interoperability between them, and consequently between the constituencies and communities within which they were defined, difficult to achieve.},
	eventtitle = {Libraries, Archives and Museums in Dialogue. Art Libraries Section in collaboration with the Subject Analysis and Access Section},
	author = {Gartner, Richard and Mouren, Raphaële},
	date = {2019-06-28},
	langid = {english},
	keywords = {\_collaborationBibArchMusee, \_data, \_webSemantique},
}

@inproceedings{noauthor_libraries_nodate,
	title = {Libraries, Archives and Museums in Dialogue. Art Libraries Section in collaboration with the Subject Analysis and Access Section},
	url = {https://www.ifla.org/events/libraries-archives-and-museums-in-dialogue-art-libraries-section-in-collaboration-with-the-subject-analysis-and-access-section/},
	abstract = {The Subject Analysis and Access Section together with the Art Libraries Section presented Open Session 206 Libraries, Archives and Museums in Dialogue: Improving Access to Comple...},
	booktitle = {{IFLA}},
	urldate = {2025-07-05},
	langid = {american},
	keywords = {\_collaborationBibArchMusee},
}

@article{vatican_convergences_2011,
	title = {Convergences et divergences entre archives et bibliothèques : quelques réflexions d'une archiviste},
	issn = {1292-8399},
	url = {https://bbf.enssib.fr/consulter/bbf-2011-04-0016-003},
	abstract = {Au fil des siècles, les relations entre archives et bibliothèques ont tendu vers une affirmation et une professionnalisation de chacune de ces institutions, et vers une définition plus précise de leurs missions respectives. Or, aujourd’hui, cette évolution semble souvent ignorée, voire remise en cause par des projets de mutualisation. Cette contribution se propose de réfléchir sur ces convergences souhaitées ou imposées, sur leur intérêt pour les professionnels et leurs services, ainsi que pour le public.},
	pages = {16--20},
	number = {4},
	journaltitle = {Bulletin des bibliothèques de France ({BBF})},
	author = {Vatican, Agnès},
	urldate = {2025-05-21},
	date = {2011-01-01},
	langid = {french},
	keywords = {\_collaborationBibArchMusee},
}

@article{rossini-paquet_bibliotheques_nodate,
	title = {Bibliothèques et Musées : quelle(s) coopération(s) ?},
	url = {https://www.enssib.fr/bibliotheque-numerique/documents/46470-bibliotheques-et-musees-quelles-cooperations.pdf},
	abstract = {Journée d'étude {ABF} du 28 septembre 1998
Le groupe régional de l'{ABF} Provence-Alpes-Côte-d'Azur a organisé une journée d'étude
sur le thème « Bibliothèques et musées: quelle(s) coopération(s) ? ».
Cette journée s'est déroulée à l'Ecole Pilote Internationale d'art et de recherche,
Villa Arson à Nice. Elle a réuni 75 personnes de toute la région accueillies
par l'équipe de la bibliothèque. Nous présentons ici les textes des interventions.},
	pages = {86--103},
	number = {182},
	journaltitle = {Bulletin d'information de l'Association des Bibliothécaires Français},
	author = {Rossini-Paquet, Françoise and Gay, Christian and Picot, Nicole and Leresche, Françoise},
	langid = {french},
	keywords = {\_collaborationBibArchMusee},
}

@book{yarrow_bibliotheques_2008,
	title = {Bibliothèques publiques, archives et musées: Tendances en matière de collaboration et de coopération},
	isbn = {9789077897294},
	url = {https://repository.ifla.org/handle/20.500.14598/601},
	shorttitle = {Bibliothèques publiques, archives et musées},
	abstract = {Ce rapport passe en revue les récentes tendances en matière de collaboration et de coopération entre les bibliothèques publiques, les archives et les musées. Dans de nombreux cas, les missions communes ou semblables des institutions examinées en ont fait des partenaires idéals de projets de collaboration. Différents types de projets de collaboration sont examinés, notamment les expositions, les programmes communautaires, les ressources numériques et les installations mixtes. Les exemples sont issus du Canada, des États-Unis et du Royaume-Uni ({RU}), ainsi que de la Russie, du Danemark, de la Norvège, de la Suède, de l’Allemagne, de l’Italie, de l’Espagne, de l’Afrique du Sud, de l’Australie et de la Nouvelle-Zélande. Le rapport se conclut par un guide des collaborations, incluant des exemples des pratiques exemplaires dans le domaine, un guide vers une collaboration réussie, un exposé sur les bénéfices et les risques de la collaboration ainsi qu’une liste des ressources consultées.},
	publisher = {International Federation of Library Associations and Institutions ({IFLA})},
	author = {Yarrow, Alexandra and Clubb, Barbara and Draper, Jennifer-Lynn and Section, {IFLA} Public Libraries},
	urldate = {2025-05-21},
	date = {2008-07},
	langid = {french},
	keywords = {\_collaborationBibArchMusee},
}

@online{mille_dialogue_2019,
	title = {Dialogue de métadonnées entre bibliothèques, archives et musées},
	url = {https://www.livreshebdo.fr/article/dialogue-de-metadonnees-entre-bibliotheques-archives-et-musees},
	abstract = {En partenariat avec le Comité français international bibliothèques et documentation ({CFIBD}), Livres Hebdo propose chaque jour, pendant le congrès annuel de l'Ifla à Athènes, un billet rédigé par les professionnels boursiers du {CFIBD}.},
	titleaddon = {Livres Hebdo},
	author = {Mille, Fanny},
	urldate = {2025-05-16},
	date = {2019-08-28},
	langid = {french},
	keywords = {\_collaborationBibArchMusee},
}

@article{sassetti-aguilera_archives_2020,
	title = {Les archives de musées : diversités d’approches et qualité du dialogue},
	volume = {L’archivistique, objet de recherche ? Explorations en France et à l’international},
	issn = {0016-5522},
	url = {https://www.persee.fr/doc/gazar_0016-5522_2020_num_257_1_5952},
	abstract = {L’expérience du Metropolitan Museum en matière d’archives, même privées, est riche d’enseignements : la distinction entre archives et documentation est remarquablement posée, l’accès aux documents est encadré et sécurisé, la communication assurée par des archivistes pour les documents identifiés comme «sensibles » , et la gestion purement administrative des dossiers d’acquisition permet une uniformisation des pratiques. Peut-on à partir de cet exemple réfléchir à l’élaboration de procédures spécifiques en matière d’archives publiques de musées en France ? C’est ce que nous souhaitons proposer dans cet article.},
	pages = {227--237},
	number = {257},
	journaltitle = {La Gazette des archives},
	shortjournal = {Gazette des archives},
	author = {Sassetti-Aguilera, Véronique},
	date = {2020-01},
	keywords = {\_collaborationBibArchMusee, \_texArchivesNumeriques, \_theorie},
}

@inproceedings{nouvel_outils_2022,
	location = {Glux-en-Glenne, France},
	title = {Les outils d'indexation des bibliothécaires : Classifications, thésaurus et autres vocabulaires contrôlés},
	url = {https://shs.hal.science/halshs-03879019},
	doi = {halshs-03879019 , version 1},
	shorttitle = {Les outils d'indexation des bibliothécaires},
	eventtitle = {3e atelier "Thesaurus appliqués" du projet {CollEx} Bibracte Ville ouverte},
	author = {Nouvel, Blandine},
	urldate = {2025-06-24},
	date = {2022-10-24},
	langid = {french},
	keywords = {\_THESAUgestion, \_outils, \_texArchivesNumeriques},
}

@misc{comite_interministeriel_aux_archives_de_france_referentiel_nodate,
	title = {Référentiel général de gestion des archives (R2GA)},
	url = {https://francearchives.gouv.fr/fr/circulaire/R2GA_2013_10},
	author = {{Comité interministériel aux Archives de France}},
	urldate = {2025-05-12},
	langid = {french},
	keywords = {\_normalisation, \_texArchivesNumeriques},
}

@misc{ministere_de_la_culture_documenter_2020,
	title = {Documenter et archiver en musée},
	url = {https://www.culture.gouv.fr/thematiques/musees/pour-les-professionnels/conserver-et-gerer-les-collections/documenter-et-archiver-en-musee},
	abstract = {Le musée conserve les collections exposées ou en réserves, mais également un nombre important de ressources documentaires et d'archives. Les publications de cette rubrique vous aideront à traiter cette masse d'informations, parfois foisonnantes.},
	author = {{Ministère de la Culture}},
	urldate = {2025-05-15},
	date = {2020-07-22},
	langid = {french},
	keywords = {\_normalisation, \_texArchivesNumeriques},
}

@online{francart_vocabulaires_2018,
	title = {Vocabulaires dans le web de données : quels outils open-source ?},
	url = {https://blog.sparna.fr/2018/01/23/vocabulaires-thesaurus-web-donnees-skos-open-source/},
	shorttitle = {Vocabulaires dans le web de données},
	abstract = {Je travaille régulièrement sur des projets de gestion et/ou de mise en ligne de vocabulaires (thesaurus, taxonomies) en {SKOS} : pour l’{UNESCO} – voir le précédent billet -, l’{INED} (thesaurus Popin), le Luxembourg, l’{IRSTEA} ou le Réseau Canopé (vocabulaire {ScolomFr}). Ces projets sont réalisés en utilisant de l’open-source sur toute la chaîne, depuis le back-office…},
	titleaddon = {Sparna Blog},
	author = {Francart, Thomas},
	urldate = {2025-05-15},
	date = {2018-01-23},
	langid = {french},
	keywords = {\_outils, \_texArchivesNumeriques, \_webSemantique},
}

@article{rizza_document_2014,
	title = {Le document au cœur de l'organisation muséale},
	volume = {51},
	issn = {0012-4508},
	url = {https://shs.cairn.info/revue-documentaliste-sciences-de-l-information-2014-2-page-30},
	doi = {10.3917/docsi.512.0030},
	pages = {30--43},
	number = {2},
	journaltitle = {Documentaliste-Sciences de l'Information},
	author = {Rizza, Maryse and Barbant, Corinne and Bœuf, Patrick Le and Fargier-Demergès, Stéphanie},
	urldate = {2025-05-15},
	date = {2014-07-04},
	langid = {french},
	keywords = {\_texArchivesNumeriques, \_theorie},
}

@misc{ministere_de_la_culture_dossiers_2020,
	title = {Les dossiers d’œuvre d’un musée de France},
	url = {https://www.culture.gouv.fr/thematiques/musees/pour-les-professionnels/conserver-et-gerer-les-collections/documenter-et-archiver-en-musee/Les-dossiers-d-aeuvre-d-un-musee-de-France},
	abstract = {Constitués au départ de manière empirique, les dossiers d’oeuvre se sont, au cours du temps, structurés voire standardisés pour devenir les outils documentaires indispensables à la politique scientifique des musées. Cette fiche pratique a pour objectif d’apporter quelques réponses aux qu},
	author = {{Ministère de la Culture}},
	urldate = {2025-05-19},
	date = {2020-07-22},
	langid = {french},
	keywords = {\_normalisation, \_texArchivesNumeriques},
}

@article{nouvel_thesaurus_2019,
	title = {Le thésaurus {PACTOLS}, système de vocabulaire contrôlé et partagé pour l'archéologie},
	volume = {3},
	url = {https://shs.hal.science/halshs-02102126},
	doi = {10.21494/ISTE.OP.2019.0356},
	number = {1},
	journaltitle = {Archéologies numériques},
	author = {Nouvel, Blandine},
	urldate = {2025-06-24},
	date = {2019-04-12},
	langid = {french},
	keywords = {\_THESAUgestion, \_outils, \_texArchivesNumeriques},
}

@online{texier_projet_2022,
	title = {Projet {VaS}, nouvelle offre de service interministérielle pour l'archivage électronique},
	url = {https://www.archimag.com/archives-patrimoine/2022/02/01/projet-vas-nouvelle-offre-service-interminist%C3%A9rielle-archivage},
	abstract = {L'offre {VaS} (Vitam accessible en Service) est ouverte aux ministères, à leurs opérateurs ainsi qu’aux collectivités territoriales. Les données seront archivées sur le "cercle 1 du cloud de l'Etat".},
	titleaddon = {Archimag},
	author = {Texier, Bruno},
	urldate = {2025-01-20},
	date = {2022-02-01},
	langid = {french},
	keywords = {\_outils, \_texArchivesNumeriques},
}

@online{ricard_rgpd_2018,
	title = {Le {RGPD} et les archives},
	url = {https://siafdroit.hypotheses.org/792},
	abstract = {Le Règlement européen 2016/679 relatif à la protection des données à caractère personnel ou {RGPD} est entré en vigueur le 25 mai 2018 dans tous les Etats membres de l’Union européenne. La plupart de ses dispositions sont d’application directe. Le {RGPD} est complété par la loi du 6 janvier 1978, dite loi Informatique et Libertés, … Continuer la lecture de Le {RGPD} et les archives →},
	titleaddon = {Droit(s) des archives},
	type = {Billet},
	author = {{ricard}},
	urldate = {2025-05-16},
	date = {2018-06-21},
	langid = {french},
	doi = {10.58079/u5zc},
	keywords = {\_texArchivesNumeriques, \_theorie},
}

@article{clergeau_reseau_2015,
	title = {Le réseau Archives en musées : « se regrouper, échanger, agir ensemble »},
	volume = {52},
	issn = {2428-2111},
	url = {https://shs.cairn.info/revue-i2d-information-donnees-et-documents-2015-3-page-39},
	doi = {10.3917/i2d.153.0039},
	shorttitle = {Le réseau Archives en musées},
	pages = {39--39},
	number = {3},
	journaltitle = {I2D - Information, données \& documents},
	author = {Clergeau, Audrey},
	urldate = {2025-05-16},
	date = {2015-10-05},
	langid = {french},
	keywords = {\_collaborationBibArchMusee, \_texArchivesNumeriques},
}

@incollection{barbelin_dossier_2016,
	title = {Dossier d’œuvre et dossier de régie d’œuvre. Constitution et communicabilité},
	url = {https://shs.cairn.info/documenter-les-collections-de-musees--9782110095480-page-57},
	pages = {57--74},
	booktitle = {Documenter les collections de musées},
	publisher = {La Documentation française},
	author = {Barbelin, Corinne Jouys},
	urldate = {2025-05-15},
	date = {2016},
	langid = {french},
	doi = {10.3917/ldf.merle.2016.01.0057},
	keywords = {\_normalisation, \_texArchivesNumeriques},
}

@book{bechard_archives_2020,
	location = {Paris, France},
	title = {Les archives électroniques},
	isbn = {9782900175101},
	abstract = {La 4e de couverture indique : "Le développement des technologies numériques dans les organisations conduit les professionnels des archives à repenser leurs méthodes de travail. Les compétences acquises dans la gestion des archives papier demeurent pertinentes dans de nombreux cas de figure, mais peuvent se décliner différemment dans la pratique. L'archivage de documents et données numériques nécessite une adaptation des méthodes d'évaluaton, de sélection, de tri, de collecte, d'organisation, de description, de communication et de conservation. De nouvelles compétences sont également indispensables, qu'elles soient techniques ou qu'elle cernent la gestion de projet. Il est essentiel de bien évaluer les charges dans les différents projets d'archivage électronique, voire le retour sur investissement car, en dehors des contraintes juridiques qui pèsent sur les organisations, les contraintes budgétaires constituent un élément fondamental pour construire une politique d'archivage efficace."},
	pagetotal = {96},
	publisher = {Association des archivistes français},
	author = {Béchard, Lorène and Fuentes Hashimoto, Lourdes and Vasseur, Édouard},
	date = {2020},
	keywords = {Archivistique, {CD}974.4, \_texArchivesNumeriques, \_theorie},
}

@misc{ministere_de_la_culture_archives_2020,
	title = {Les archives électroniques dans un musée de France},
	url = {https://www.culture.gouv.fr/fr/thematiques/musees/pour-les-professionnels/conserver-et-gerer-les-collections/documenter-et-archiver-en-musee/Les-archives-electroniques-dans-un-musee-de-France},
	abstract = {De nombreuses idées reçues entourent l’archivage électronique. Ce vade-mecum entend faire le point sur tous les aspects de la question et montrer que le principal défi de l’archivage électronique est dans l’organisation et la structuration de l’information en amont, dans la gestion du c},
	author = {{Ministère de la Culture}},
	urldate = {2025-05-19},
	date = {2020-07-20},
	langid = {french},
	keywords = {\_normalisation, \_texArchivesNumeriques},
}
