@thesis{bowersPartenariatEntreBibliotheque2017a,
  type = {Mémoire de master},
  title = {Le partenariat entre bibliothèque et musée : un dispositif d'ouverture.},
  author = {Bowers, Bridget},
  date = {2017-09},
  institution = {Enssib},
  location = {Lyon},
  url = {https://www.enssib.fr/bibliotheque-numerique/documents/67723-le-partenariat-entre-bibliotheque-et-musee-un-dispositif-d-ouverture.pdf},
  urldate = {2025-05-20},
  abstract = {L'accès au patrimoine culturel offert par les bibliothèques et les musées leur permet de renforcer leur légitimité auprès de leurs publics. Comment le partenariat et les échanges entre ces deux institutions culturelles françaises confortent-ils cette ouverture ? Leurs rôles respectifs et les réussites de cette collaboration sont étudiés sous leurs aspects socioculturels. L'examen de ce partenariat débouche sur un état des lieux et des bonnes pratiques.},
  langid = {french},
  pagetotal = {123},
  keywords = {_collaborationBibArchMusee,texCollab}
}

@article{brawley-barkerIntegratingLibraryArchives2016,
  title = {Integrating {{Library}}, {{Archives}}, and {{Museum Collections}} in an {{Open Source Information Management System}}: {{A Case Study}} at {{Glenstone}}},
  shorttitle = {Integrating {{Library}}, {{Archives}}, and {{Museum Collections}} in an {{Open Source Information Management System}}},
  author = {Brawley-Barker, Tessa},
  date = {2016-03},
  journaltitle = {Art Documentation Journal of the Art Libraries Society of North America},
  number = {35},
  pages = {85--113},
  doi = {10.1086/685979},
  url = {https://www.researchgate.net/publication/301570205_Integrating_Library_Archives_and_Museum_Collections_in_an_Open_Source_Information_Management_System_A_Case_Study_at_Glenstone},
  urldate = {2025-07-05},
  abstract = {Download Citation | Integrating Library, Archives, and Museum Collections in an Open Source Information Management System: A Case Study at Glenstone | In 2012, Glenstone began searching for information management systems for the library, archives, and museum collections. After evaluating... | Find, read and cite all the research you need on ResearchGate},
  langid = {english},
  keywords = {_collaborationBibArchMusee,texCollab},
  file = {/home/maelys-gioan/snap/zotero-snap/common/Zotero/storage/QUQAJJ5Q/301570205_Integrating_Library_Archives_and_Museum_Collections_in_an_Open_Source_Information_Man.html}
}

@online{CooperationBibliothequesarchivesmuseesSi2013a,
  title = {La coopération bibliothèques-archives-musées et plus si affinités – Journal d'un archiviste},
  date = {2013-12-09},
  url = {https://journaldunarchiviste.fr/2013/12/09/la-cooperation-bibliotheques-archives-musees-et-plus-si-affinites/},
  urldate = {2025-05-21},
  langid = {french},
  keywords = {_collaborationBibArchMusee,texCollab}
}

@inproceedings{egglestonNotJustArt2019,
  title = {Not Just Art: The Challenges and Successes of Integrating Archival, Library and Image Collections into an Art Focused Collection Management System},
  author = {Eggleston, Claire},
  date = {2019-06-28},
  location = {Athènes},
  abstract = {Established in 1871, the Art Gallery of New South Wales in Sydney is one of the oldest public art museums in Australia. Alongside a collection of 32,000 art works, the gallery also holds over four hundred art archives (the largest collection in Australia), an extensive visual arts library and a vast collection of visual documentation of Australian art making.},
  eventtitle = {Libraries, {{Archives}} and {{Museums}} in {{Dialogue}}. {{Art Libraries Section}} in Collaboration with the {{Subject Analysis}} and {{Access Section}}},
  langid = {english},
  keywords = {_collaborationBibArchMusee,texCollab},
  file = {/home/maelys-gioan/snap/zotero-snap/common/Zotero/storage/TMS9ZEZJ/Eggleston - Not just art the challenges and successes of integrating archival, library and image collections in.pdf}
}

@inproceedings{gartnerArchivesMuseumsLibraries2019,
  title = {Archives, Museums and Libraries: Breaking the Metadata Silos},
  author = {Gartner, Richard and Mouren, Raphaële},
  date = {2019-06-28},
  location = {Athènes},
  url = {https://library.ifla.org/id/eprint/2495/1/206-gartner-en.pdf},
  abstract = {To overcome impediments to access for the rich collections held in cultural heritage institutions, some alignment of metadata standards and a consequent enhancement of interoperability are essential. The three sectors in which much of our cultural heritage is to be found, libraries, archives and museums, each employ different approaches to metadata which make interoperability between them, and consequently between the constituencies and communities within which they were defined, difficult to achieve.},
  eventtitle = {Libraries, {{Archives}} and {{Museums}} in {{Dialogue}}. {{Art Libraries Section}} in Collaboration with the {{Subject Analysis}} and {{Access Section}}},
  langid = {english},
  keywords = {_collaborationBibArchMusee,_data,_webSemantique,texCollab},
  file = {/home/maelys-gioan/snap/zotero-snap/common/Zotero/storage/TIPSK9GS/Gartner et Mouren - Archives, museums and libraries breaking the metadata silos.pdf}
}

@online{gautierPartenariatsCooperationsPour2023,
  title = {Les partenariats et les coopérations pour les musées},
  author = {Gautier, Catherine},
  date = {2023-05-16},
  url = {https://encyclopedie.wikiterritorial.cnfpt.fr/xwiki/bin/view/fiches/Les%20partenariats%20et%20les%20coop%C3%A9rations%20pour%20les%20mus%C3%A9es/},
  urldate = {2025-05-21},
  abstract = {Les partenariats et les coopérations pour les musées},
  langid = {french},
  organization = {Wikiterritorial},
  keywords = {_collaborationBibArchMusee,texCollab}
}

@inproceedings{igoshinaBringingLibraryMuseum2019,
  title = {Bringing {{Library}} and {{Museum Resources Together}}: {{How Can Artificial Intelligence Help}} (Based on the {{Ivan Tsvetaev}}’s {{Book Collection Project}})?},
  shorttitle = {Bringing {{Library}} and {{Museum Resources Together}}},
  author = {Igoshina, Ekaterina and Dubrovskaya, Juliya},
  date = {2019},
  location = {Athènes},
  url = {https://library.ifla.org/id/eprint/2490/},
  urldate = {2025-07-05},
  abstract = {A few years ago at the Pushkin State Museum of Fine Arts Research Library we began a long-term digitalization program of the most valuable and/or fragile parts of our book collection. For a start, we decided to divide this process into a number of smaller programs, each dedicated to a different collection. One of our first and obvious choices to digitize (and thus make visible and fully accessible) was the collection of our museum’s founder and first director Ivan Tsvetaev (1847-1913), that consists of more than 850 volumes and vividly highlights his scientific interests, academic ties and hobbies. While digitizing Tsvetaev’s books we discovered quite a large number of dedicatory inscriptions (nearly 250) — a very useful complementary source of information on scientific and civil circle of our founder. All the inscriptions were scanned, decoded and translated into Russian, where necessary. Each of the inscription images was also enriched with brief biographies of the inscriptions’ authors (donators). First of all (and that was the most obvious step) we joined our various digital resources into a common semantic space — a digital collection — using available technical tools that were in our disposal. By compiling descriptions of all units related to the collection in our catalog and linking them with our unified authority data system (such as subject and name indexes), we managed to create a very comfortable in use semantic fragment, that better describes Ivan Tvetaev’s personality and the history of our museum’s creation through the prism of his personal interests and professional contacts. Then we started contemplating the way of possible connection of this collection to other complementary museum resources, that are kept in other departments and described in other IT-systems. One of the possible approaches to bring all these uncoordinated sources together is applying artificial intelligence technology. We found this way intriguing and rather promising. Our paper is aimed to explain the possible way of data relationship to design a dialogue between the voice assistant and the user while searching through library, museum, and possibly external resources (based on the example of a certain digital collection).},
  eventtitle = {Libraries, {{Archives}} and {{Museums}} in {{Dialogue}}. {{Art Libraries Section}} in Collaboration with the {{Subject Analysis}} and {{Access Section}}},
  keywords = {_automatisation IA,_collaborationBibArchMusee,texCollab},
  file = {/home/maelys-gioan/snap/zotero-snap/common/Zotero/storage/NR5342BI/Igoshina et Dubrovskaya - 2017 - Bringing Library and Museum Resources Together How Can Artificial Intelligence Help (based on the I.pdf;/home/maelys-gioan/snap/zotero-snap/common/Zotero/storage/M84GEW54/2490.html}
}

@article{kirchhoffArchivesLibrariesMuseums2008,
  title = {Archives, Libraries, Museums and the Spell of Ubiquitous Knowledge},
  author = {Kirchhoff, Thomas and Schweibenz, Werner and Sieglerschmidt, Jörn},
  date = {2008-12},
  journaltitle = {Archival Science},
  shortjournal = {Arch Sci},
  volume = {8},
  number = {4},
  pages = {251--266},
  issn = {1389-0166, 1573-7519},
  doi = {10.1007/s10502-009-9093-2},
  url = {http://link.springer.com/10.1007/s10502-009-9093-2},
  urldate = {2025-08-16},
  langid = {english},
  file = {/home/maelys-gioan/snap/zotero-snap/common/Zotero/storage/DBNLXRR2/225551287_Archives_libraries_museums_and_the_spell_of_ubiquitous_knowledge.html}
}

@inproceedings{LibrariesArchivesMuseums,
  title = {Libraries, {{Archives}} and {{Museums}} in {{Dialogue}}. {{Art Libraries Section}} in Collaboration with the {{Subject Analysis}} and {{Access Section}}},
  booktitle = {{{IFLA}}},
  url = {https://www.ifla.org/events/libraries-archives-and-museums-in-dialogue-art-libraries-section-in-collaboration-with-the-subject-analysis-and-access-section/},
  urldate = {2025-07-05},
  abstract = {The Subject Analysis and Access Section together with the Art Libraries Section presented Open Session 206 Libraries, Archives and Museums in Dialogue: Improving Access to Comple...},
  langid = {american},
  keywords = {_collaborationBibArchMusee,texCollab},
  file = {/home/maelys-gioan/snap/zotero-snap/common/Zotero/storage/U9AGJH2Z/libraries-archives-and-museums-in-dialogue-art-libraries-section-in-collaboration-with-the-subj.html}
}

@online{milleDialogueMetadonneesEntre2019,
  title = {Dialogue de métadonnées entre bibliothèques, archives et musées},
  author = {Mille, Fanny},
  date = {2019-08-28},
  url = {https://www.livreshebdo.fr/article/dialogue-de-metadonnees-entre-bibliotheques-archives-et-musees},
  urldate = {2025-05-16},
  abstract = {En partenariat avec le Comité français international bibliothèques et documentation (CFIBD), Livres Hebdo propose chaque jour, pendant le congrès annuel de l'Ifla à Athènes, un billet rédigé par les professionnels boursiers du CFIBD.},
  langid = {french},
  organization = {Livres Hebdo},
  keywords = {_collaborationBibArchMusee,texCollab}
}

@article{rossini-paquetBibliothequesMuseesQuellesa,
  title = {Bibliothèques et Musées : quelle(s) coopération(s) ?},
  author = {Rossini-Paquet, Françoise and Gay, Christian and Picot, Nicole and Leresche, Françoise},
  journaltitle = {Bulletin d'information de l'Association des Bibliothécaires Français},
  number = {182},
  pages = {86--103},
  url = {https://www.enssib.fr/bibliotheque-numerique/documents/46470-bibliotheques-et-musees-quelles-cooperations.pdf},
  abstract = {Journée d'étude ABF du 28 septembre 1998 Le groupe régional de l'ABF Provence-Alpes-Côte-d'Azur a organisé une journée d'étude sur le thème « Bibliothèques et musées: quelle(s) coopération(s) ? ». Cette journée s'est déroulée à l'Ecole Pilote Internationale d'art et de recherche, Villa Arson à Nice. Elle a réuni 75 personnes de toute la région accueillies par l'équipe de la bibliothèque. Nous présentons ici les textes des interventions.},
  langid = {french},
  keywords = {_collaborationBibArchMusee,texCollab}
}

@article{vaticanConvergencesDivergencesEntre2011a,
  title = {Convergences et divergences entre archives et bibliothèques : quelques réflexions d'une archiviste},
  author = {Vatican, Agnès},
  date = {2011-01-01},
  journaltitle = {Bulletin des bibliothèques de France (BBF)},
  number = {4},
  pages = {16--20},
  issn = {1292-8399},
  url = {https://bbf.enssib.fr/consulter/bbf-2011-04-0016-003},
  urldate = {2025-05-21},
  abstract = {Au fil des siècles, les relations entre archives et bibliothèques ont tendu vers une affirmation et une professionnalisation de chacune de ces institutions, et vers une définition plus précise de leurs missions respectives. Or, aujourd’hui, cette évolution semble souvent ignorée, voire remise en cause par des projets de mutualisation. Cette contribution se propose de réfléchir sur ces convergences souhaitées ou imposées, sur leur intérêt pour les professionnels et leurs services, ainsi que pour le public.},
  langid = {french},
  keywords = {_collaborationBibArchMusee,texCollab},
  file = {/home/maelys-gioan/snap/zotero-snap/common/Zotero/storage/9PBAX5QD/49414-convergences-et-divergences-entre-archives-et-bibliotheques.pdf}
}

@book{yarrowBibliothequesPubliquesArchives2008a,
  title = {Bibliothèques publiques, archives et musées: Tendances en matière de collaboration et de coopération},
  shorttitle = {Bibliothèques publiques, archives et musées},
  author = {Yarrow, Alexandra and Clubb, Barbara and Draper, Jennifer-Lynn and Section, IFLA Public Libraries},
  date = {2008-07},
  publisher = {{International Federation of Library Associations and Institutions (IFLA)}},
  url = {https://repository.ifla.org/handle/20.500.14598/601},
  urldate = {2025-05-21},
  abstract = {Ce rapport passe en revue les récentes tendances en matière de collaboration et de coopération entre les bibliothèques publiques, les archives et les musées. Dans de nombreux cas, les missions communes ou semblables des institutions examinées en ont fait des partenaires idéals de projets de collaboration. Différents types de projets de collaboration sont examinés, notamment les expositions, les programmes communautaires, les ressources numériques et les installations mixtes. Les exemples sont issus du Canada, des États-Unis et du Royaume-Uni (RU), ainsi que de la Russie, du Danemark, de la Norvège, de la Suède, de l’Allemagne, de l’Italie, de l’Espagne, de l’Afrique du Sud, de l’Australie et de la Nouvelle-Zélande. Le rapport se conclut par un guide des collaborations, incluant des exemples des pratiques exemplaires dans le domaine, un guide vers une collaboration réussie, un exposé sur les bénéfices et les risques de la collaboration ainsi qu’une liste des ressources consultées.},
  isbn = {978-90-77897-29-4},
  langid = {french},
  keywords = {_collaborationBibArchMusee,texCollab}
}
