@misc{museedelairetdelespaceHallNavigationAerienne2025,
	title = {Hall de la navigation aérienne et du contrôle aérien | Dossier de presse},
	shorttitle = {Dossier de presse NAVACA},
	author = {{Musée de l'air et de l'espace}},
	date = {2025-06},
	url = {https://www.museeairespace.fr/wp-content/uploads/sites/2/2025/06/Dossier-de-presse-NAVACA-06-2025.pdf},
	urldate = {2025-07-22},
	langid = {french}
}

@online{noauthor_presentation_nodate,
	title = {Présentation et histoire},
	url = {https://www.museeairespace.fr/le-musee/linstitution/presentation-et-histoire/},
	abstract = {Découvrez toute l'histoire du musée de l'Air et de l'Espace},
	titleaddon = {Musée de l'Air et de l'Espace},
	urldate = {2025-07-05},
	langid = {french},
	keywords = {\_histoire, {texHistoire}},
}

@book{lissarague_histoire_nodate,
	location = {1992},
	title = {Histoire du Musée de l'Air et de l'Espace},
	author = {Lissarague, Pierre},
	keywords = {\_histoire, {texHistoire}},
}

@collection{nizet_musee_2011,
	edition = {Artlys},
	title = {Musée de l'air et de l'espace : Paris, Le Bourget},
	isbn = {978-2-85495-446-3},
	shorttitle = {Musée de l'air et de l'espace},
	pagetotal = {79},
	publisher = {Musée de l'air et de l'espace},
	editor = {Nizet, Pascale},
	date = {2011},
	keywords = {\_histoire, {texHistoire}},
}

@book{tilatti_tresors_nodate,
	location = {Paris},
	edition = {Cherche midi},
	title = {Les trésors du Musée de l'air et de l'espace},
	isbn = {978-2-7491-2989-1},
	series = {Ciels du monde},
	author = {Champenois, Bernard and Cohen, Gabrielle and Dhorne, Vincent},
	editor = {Tilatti, Christian},
	editora = {Arnould, Jacques},
	editoratype = {collaborator},
	keywords = {\_histoire, {texHistoire}},
}

@book{collectif_musee_2023,
	location = {Paris},
	title = {Le musée de l'air et de l'espace: l'aérogare historique de Paris-Le Bourget},
	isbn = {9782757708606},
	series = {Itinéraires},
	shorttitle = {Le musée de l'air et de l'espace},
	pagetotal = {64},
	publisher = {Éditions du Patrimoine, Centre des monuments nationaux},
	author = {{Collectif}},
	date = {2023},
	keywords = {\_histoire, {texHistoire}},
}

@book{terrier_eroport_2019,
	location = {Paris},
	edition = {Amarena},
	title = {Aéroport de Paris - Le Bourget : 1910-2019, un siècle d'histoire},
	isbn = {9782956857907},
	shorttitle = {Aéroport de Paris - Le Bourget},
	pagetotal = {160},
	author = {Terrier, Jean-Emmanuel},
	date = {2019},
	keywords = {\_histoire, {texHistoire}},
}
