@online{19192019CentAns,
  title = {1919-2019 : cent ans d'aviation civile et commerciale en France},
  shorttitle = {1919-2019},
  url = {https://calenda.org/493791},
  urldate = {2025-08-04},
  abstract = {En 1919, le premier vol avec passagers entre Paris et Londres amorce le début du transport aérien civil et commercial français. Dans l’entre-deux guerre, l’aviation se développe dans une ambiance d...},
  langid = {french},
  organization = {Calenda.org},
  keywords = {dontcite},
  file = {/home/maelys-gioan/snap/zotero-snap/common/Zotero/storage/T24BVLBP/493791.html}
}

@legislation{ArticleR34131Code2008,
  title = {Article R3413-1 - Code de la défense},
  date = {2008-11-25},
  journaltitle = {Code de la défense},
  url = {https://www.legifrance.gouv.fr/codes/article_lc/LEGIARTI000019840162},
  urldate = {2025-08-11},
  langid = {french},
  keywords = {dontcite}
}

@legislation{ArticleR341373Code2013,
  title = {Article {{R3413-73}} - {{Code}} de La Défense},
  date = {2013-01-01},
  journaltitle = {Code de la défense},
  url = {https://www.legifrance.gouv.fr/codes/article_lc/LEGIARTI000026624141},
  urldate = {2025-08-11},
  keywords = {dontcite}
}

@book{champenoisTresorsMuseeLair,
  title = {Les Trésors Du {{Musée}} de l'air et de l'espace},
  author = {Champenois, Bernard and Cohen, Gabrielle and Dhorne, Vincent},
  editor = {Tilatti, Christian},
  namea = {Arnould, Jacques},
  nameatype = {collaborator},
  series = {Ciels Du Monde},
  edition = {Cherche midi},
  location = {Paris},
  isbn = {978-2-7491-2989-1},
  keywords = {_histoire,texHistoire}
}

@book{collectifMuseeLairLespace2023,
  title = {Le musée de l'air et de l'espace: l'aérogare historique de Paris-Le Bourget},
  shorttitle = {Le musée de l'air et de l'espace},
  author = {{Collectif}},
  date = {2023},
  series = {Itinéraires},
  publisher = {Éditions du Patrimoine, Centre des monuments nationaux},
  location = {Paris},
  isbn = {978-2-7577-0860-6},
  langid = {french},
  pagetotal = {64},
  keywords = {_histoire,texHistoire}
}

@book{lissaragueHistoireMuseeLAir,
  title = {Histoire Du {{Musée}} de l'{{Air}} et de l'{{Espace}}},
  author = {Lissarague, Pierre},
  location = {1992},
  keywords = {_histoire,texHistoire},
  file = {/home/maelys-gioan/snap/zotero-snap/common/Zotero/storage/7XDXZN2C/6a35ba36-cbca-43de-8c90-ced01935b008.html}
}

@article{ministeredesarmeesInstructionNdeg303ARM2023,
  entrysubtype = {newspaper},
  title = {Instruction n°303/ARM/SGA/DMCA/SDPC},
  author = {{Ministère des Armées}},
  date = {2023-05-26},
  journaltitle = {Bulletin Officiel des Armées},
  edition = {Edition Chronologique},
  url = {https://www.defense.gouv.fr/sites/default/files/sga/Texte%209%20INSTRUCTION%20N°%20303.pdf},
  urldate = {2025-08-11},
  langid = {french},
  keywords = {dontcite},
  file = {/home/maelys-gioan/snap/zotero-snap/common/Zotero/storage/7PAMXFPP/boc-mai-2023.html}
}

@article{mirambet-parisConservationrestaurationPatrimoineTechnique2011,
  title = {La conservation-restauration du patrimoine technique et industriel dans le cadre de la loi sur les Musées de France, une mission impossible ?},
  author = {Mirambet-Paris, Agnès and Mirambet, François},
  date = {2011-05-01},
  journaltitle = {La Lettre de l’OCIM. Musées, Patrimoine et Culture scientifiques et techniques},
  number = {135},
  pages = {27--35},
  publisher = {Office de Coopération et d’Information Muséographiques},
  issn = {0994-1908},
  doi = {10.4000/ocim.874},
  url = {https://journals.openedition.org/ocim/874},
  urldate = {2025-08-04},
  abstract = {Après avoir mis en évidence les difficultés de conservation-restauration spécifiques aux objets techniques et industriels, cette étude décrit – à travers l’exemple d’un projet de restauration de matériel ferroviaire – les grandes étapes d’un chantier de restauration puis, propose quelques solutions pour gérer au mieux ce type de dossier dans le respect de la loi sur les musées de France.},
  issue = {135},
  langid = {french},
  keywords = {chantier de restauration,loi sur les Musées de France,patrimoine technique et industriel},
  file = {/home/maelys-gioan/snap/zotero-snap/common/Zotero/storage/5SBF4IB5/Mirambet-Paris et Mirambet - 2011 - La conservation-restauration du patrimoine technique et industriel dans le cadre de la loi sur les M.pdf}
}

@misc{museedelairetdelespaceHallNavigationAerienne2025,
  title = {Hall de la navigation aérienne et du contrôle aérien | Dossier de presse},
  shorttitle = {Dossier de presse NAVACA},
  author = {{Musée de l'air et de l'espace}},
  date = {2025-06},
  url = {https://www.museeairespace.fr/wp-content/uploads/sites/2/2025/06/Dossier-de-presse-NAVACA-06-2025.pdf},
  urldate = {2025-07-22},
  langid = {french}
}

@report{museedelairetdelespaceProjetScientifiqueCulturel2020,
  title = {Projet Scientifique et Culturel},
  shorttitle = {PSC 2020},
  author = {{Musée de l'air et de l'espace}},
  date = {2020},
  institution = {Musée de l'air et de l'espace},
  location = {Le Bourget},
  langid = {french}
}

@report{museedelairetdelespaceRapportDactivite2023,
  type = {Rapport d'activité},
  title = {Rapport d'activité},
  author = {{Musée de l'air et de l'espace}},
  date = {2023},
  institution = {Musée de l'air et de l'espace},
  location = {Le Bourget},
  url = {https://www.museeairespace.fr/wp-content/uploads/sites/2/2024/06/Rapport-activites-Musee-Air-Espace-2023.pdf},
  urldate = {2025-08-05},
  file = {/home/maelys-gioan/snap/zotero-snap/common/Zotero/storage/RPSB9ZX6/Rapport-activites-Musee-Air-Espace-2023.pdf}
}

@book{nizetMuseeLairLespace2011,
  title = {Musée de l'air et de l'espace : {{Paris}}, {{Le Bourget}}},
  shorttitle = {Musée de l'air et de l'espace},
  editor = {Nizet, Pascale},
  date = {2011},
  edition = {Artlys},
  publisher = {Musée de l'air et de l'espace},
  isbn = {978-2-85495-446-3},
  pagetotal = {79},
  keywords = {_histoire,texHistoire}
}

@online{officemuseumexpertsSKINsoftEquipe252016,
  type = {SITEM},
  title = {SKINsoft équipe 25 établissements du Ministère de la Défense},
  author = {Office Museumexperts},
  date = {2016-06-29T16:51:47+00:00},
  url = {https://www.sitem.fr/skinsoft-equipe-25-etablissements-150-utilisateurs-ministere-de-defense/},
  urldate = {2025-08-11},
  abstract = {Pour le projet Archange pour le Ministère de la Défense, SKINsoft a mis en œuvre sa solution full-web simple et performante : le logiciel S-museum},
  langid = {french},
  keywords = {dontcite},
  file = {/home/maelys-gioan/snap/zotero-snap/common/Zotero/storage/PXRZM3X9/skinsoft-equipe-25-etablissements-150-utilisateurs-ministere-de-defense.html}
}

@online{PresentationHistoire,
  title = {Présentation et histoire},
  url = {https://www.museeairespace.fr/le-musee/linstitution/presentation-et-histoire/},
  urldate = {2025-07-05},
  abstract = {Découvrez toute l'histoire du musée de l'Air et de l'Espace},
  langid = {french},
  organization = {Musée de l'Air et de l'Espace},
  keywords = {_histoire,texHistoire},
  file = {/home/maelys-gioan/snap/zotero-snap/common/Zotero/storage/GEV446RH/presentation-et-histoire.html}
}

@legislation{Section3Musee2008,
  title = {Section 3 : {{Musée}} de l'air et de l'espace - {{Partie}} 3 Livre {{IV Titre}} 1er {{Chapitre III}}},
  date = {2008-11-25},
  journaltitle = {Code de la Défense},
  url = {https://www.legifrance.gouv.fr/codes/section_lc/LEGITEXT000006071307/LEGISCTA000019838574/#LEGISCTA000019840168},
  keywords = {dontcite}
}

@book{terrierAeroportParisBourget2019,
  title = {Aéroport de {{Paris}} - {{Le Bourget}} : 1910-2019, Un Siècle d'histoire},
  shorttitle = {Aéroport de {{Paris}} - {{Le Bourget}}},
  author = {Terrier, Jean-Emmanuel},
  date = {2019},
  edition = {Amarena},
  location = {Paris},
  isbn = {978-2-9568579-0-7},
  pagetotal = {160},
  keywords = {_histoire,texHistoire}
}
