@book{barneyPenseesDuneAmazone1920,
  title = {Pensées d'une amazone},
  author = {Barney, Natalie Clifford and Barney, Natalie Clifford},
  namea = {{Boston Public Library}},
  nameatype = {collaborator},
  date = {1920},
  publisher = {Émile-Paul frères},
  location = {Paris},
  url = {http://archive.org/details/pense_esduneamaz00barn},
  urldate = {2025-07-21},
  abstract = {[iii]-vii,210 p.,ll. ; 19 cm; OCLC number: ocm01631270; Apologie.-- Dédicaces.-- Les sexes adverses, la guerre et le féminisme.-- Choses de l'amour.-- Pages prises au roman que je n'écrirai pas.-- Autres éparpillements},
  langid = {fre},
  pagetotal = {264}
}
