@book{barneyPenseesDuneAmazone1920,
  title = {Pensées d'une amazone},
  author = {Barney, Natalie Clifford},
  date = {1920},
  publisher = {Émile-Paul frères},
  location = {Paris},
  url = {http://archive.org/details/pense_esduneamaz00barn},
  urldate = {2025-07-21},
  langid = {french},
  pagetotal = {264}
}

@book{borgesBibliothequeBabel1990,
  title = {La Bibliothèque de Babel},
  author = {Borges, Jorge Luis},
  translator = {Ibarra, Nestor},
  date = {1990},
  series = {Indifférences},
  number = {33},
  publisher = {R. Bonargent},
  location = {Châteauroux},
  langid = {fre},
  annotation = {ill. 18 x 18 cm. Cette nouvelle est extr. de "Fictions. Tiré à 198 ex.}
}
