
@article{hudon_iso_2012,
	title = {{ISO} 25964 : pour le développement, la gestion et l’interopérabilité des langages documentaires},
	volume = {58},
	issn = {0315-2340, 2291-8949},
	url = {https://www.erudit.org/fr/revues/documentation/2012-v58-n3-documentation01721/1028903ar/},
	doi = {10.7202/1028903ar},
	shorttitle = {{ISO} 25964},
	abstract = {Description du contexte au sein duquel la norme {ISO} 25964 Thésaurus et interopérabilité avec les autres vocabulaires a été conçue et élaborée. Présentation de la structure de la norme. Évocation de l’impact potentiel de cette norme sur l’interopérabilité sémantique des systèmes et sur la recherche d’information.},
	pages = {130--140},
	number = {3},
	journaltitle = {Documentation et bibliothèques},
	shortjournal = {documentation},
	author = {Hudon, Michèle},
	urldate = {2025-05-26},
	date = {2012},
	langid = {french},
	keywords = {\_THESAUgestion, \_normalisation, {texThesau}},
}

@online{moureau_problemes_1968,
	title = {Problèmes posés par la structure d'un thesaurus},
	url = {https://bbf.enssib.fr/consulter/bbf-1968-05-0201-001},
	abstract = {Un service de documentation doit répondre à la double nécessité d'une diffusion rapide, périodique et systématique des informations et d'une recherche rétrospective de documents répondant à une question donnée. Les problèmes que pose cette conception, problèmes de classification, de sélection, nécessité de relations entre les éléments descripteurs sont étudiés à propos de la réalisation de l'outil d'indexation, le thesaurus},
	type = {Text},
	author = {Moureau, Magdeleine},
	urldate = {2025-05-21},
	date = {1968-01-01},
	langid = {french},
	keywords = {\_THESAUgestion, {texThesau}},
}

@inproceedings{bermes_convergence_2011,
	location = {San Juan, Puerto Rico},
	title = {Convergence et interopérabilité : l’apport du Web de données},
	url = {https://experts.bnf.fr/node/34958},
	booktitle = {77th {IFLA} General Conference and Assembly : World Library and Information Congress : Libraries beyond libraries: Integration, Innovation and Information for all},
	publisher = {Fédération internationale des associations de bibliothécaires et d’institutions},
	author = {Bermès, Emmanuelle},
	date = {2011-08-13},
	keywords = {\_webSemantique, {texThesau}},
}

@legislation{noauthor_recommandation_2008,
	title = {Recommandation concernant les noms d'États, d'habitants, de capitales, de sièges diplomatiques ou consulaires (liste établie par le ministère des affaires étrangères et européennes)},
	url = {https://www.legifrance.gouv.fr/jorf/id/JORFTEXT000019509867/},
	number = {91},
	urldate = {2025-05-19},
	date = {2008-09-24},
	keywords = {\_normalisation, {texThesau}},
}

@online{griveau_nouveaux_2025,
	title = {Nouveaux catalogues : nouvelles interfaces, nouveaux usages},
	url = {https://vousneregardezpasassezlesimages.fr/2025/05/17/nouveaux-catalogues-nouvelles-interfaces-nouveaux-usages/},
	shorttitle = {Nouveaux catalogues},
	abstract = {Les interfaces : nouvelles architectures ? 2100, France, la Bibliothèque nationale vient d’achever la numérisation de l’entièreté de sa collection. Le site François-Mitterrand, reflet de « l’utopie…},
	titleaddon = {Vous ne regardez pas assez les images},
	author = {Griveau, Maxime},
	urldate = {2025-05-20},
	date = {2025-05-17},
	langid = {french},
	keywords = {\_outils, {texThesau}},
}

@incollection{bermes_vers_2016,
	title = {Vers de nouveaux catalogues ? Propos introductif},
	url = {https://shs-cairn-info.proxy.chartes.psl.eu/vers-de-nouveaux-catalogues--9782765415138-page-9},
	shorttitle = {Vers de nouveaux catalogues ?},
	pages = {9--12},
	booktitle = {Vers de nouveaux catalogues},
	publisher = {Éditions du Cercle de la Librairie},
	author = {Bermès, Emmanuelle},
	urldate = {2025-05-20},
	date = {2016},
	langid = {french},
	doi = {10.3917/elec.berme.2016.01.0009},
	keywords = {\_outils, \_theorie, {texThesau}},
}

@online{mom_notre_2023,
	title = {Notre catalogue fait peau neuve},
	url = {https://prefixesmom.hypotheses.org/6159},
	abstract = {Ce chantier d’évolution de notre catalogue Frantiq a débuté depuis plusieurs mois pour permettre d’exploiter au mieux les nombreuses informations présentes dans notre catalogue et vous fournir une meilleure ergonomie. Ces améliorations ont ensuite été développées et mises en production cet été 2023, grâce au travail de notre prestataire informatique {TAMIL}, au suivi du directeur … Continuer la lecture de Notre catalogue fait peau neuve  →},
	titleaddon = {Préfixes},
	type = {Billet},
	author = {{MOM}, Bibliothèque de la},
	urldate = {2025-05-14},
	date = {2023-09-28},
	langid = {french},
	doi = {10.58079/t0bl},
	keywords = {\_THESAUgestion, \_exemple, {texThesau}},
}

@report{noauthor_rapport_2022,
	title = {Rapport scientifique. Bibracte ville ouverte},
	url = {https://www.collexpersee.eu/wp-content/uploads/2020/10/Rapport_scientifique_BibracteVilleOuverte.pdf},
	urldate = {2025-05-14},
	date = {2022-10},
	keywords = {\_THESAUgestion, \_exemple, \_normalisation, {texThesau}},
}

@incollection{piton_noms_2004,
	location = {Besançon},
	title = {Les Noms Propres Géographiques et le Dictionnaire Prolintex, les lieux situés hors de France},
	rights = {https://www.openedition.org/12554},
	isbn = {978-2-84867-824-5},
	url = {https://books.openedition.org/pufc/29977},
	series = {Les Cahiers de la {MSHE} Ledoux},
	abstract = {Dictionnaire électronique, Nom propre, {ToponymeNous} abordons un aspect particulier aux noms propres géographiques qui est d’être l’objet de décisions officielles prises dans un cadre national ou international. Après avoir donné quelques informations sur cette particularité, nous revenons sur la première version du dictionnaire Prolintex de noms propres géographiques que nous avons créé. Nous faisons un bilan de son utilisation et nous proposons une nouvelle version de ce dictionnaire.},
	pages = {53--76},
	booktitle = {{INTEX} : Pour la linguistique et le traitement automatique des langues},
	publisher = {Presses universitaires de Franche-Comté},
	author = {Piton, Odile and Maurel, Denis},
	editor = {Muller, Claude and Royaute, Jean and Siberztein, Max},
	urldate = {2025-04-30},
	date = {2004},
	langid = {french},
	keywords = {\_normalisation, {texThesau}},
}

@online{perrin_consolider_2020,
	title = {Consolider et enrichir ses données avec les alignements},
	url = {https://opentheso.hypotheses.org/52},
	abstract = {[english version] Interopérabilité, ouverture et réutilisation des données Ressources pour interrelier des vocabulaires Les types d’équivalence du modèle {SKOS} Aligner automatiquement des concepts dans Opentheso L’alignement automatique Sélection des concepts à aligner Sélection des...},
	titleaddon = {Opentheso},
	type = {Billet},
	author = {Perrin, Emmanuelle},
	urldate = {2025-04-29},
	date = {2020-09-28},
	langid = {french},
	doi = {10.58079/sjjk},
	keywords = {\_normalisation, \_webSemantique, {texThesau}},
}

@article{chichereau_normes_2007,
	title = {Les normes de conception, gestion et maintenance de thésaurus:Évolutions récentes et perspectives},
	volume = {44},
	issn = {0012-4508},
	url = {https://shs.cairn.info/revue-documentaliste-sciences-de-l-information-2007-1-page-66},
	doi = {10.3917/docsi.441.0066},
	shorttitle = {Les normes de conception, gestion et maintenance de thésaurus},
	pages = {66--74},
	number = {1},
	journaltitle = {Documentaliste-Sciences de l'Information},
	author = {Chichereau, Dominique and Contat, Odile and Dégez, Danièle and Deniau, Alina and Lénart, Michèle and Masse, Claudine and Ménillet, Dominique},
	urldate = {2025-04-30},
	date = {2007},
	langid = {french},
	keywords = {\_normalisation, \_theorie, {texThesau}},
}

@article{lenart_skos_2007,
	title = {{SKOS}, un langage de représentation de schémas de concepts},
	volume = {44},
	issn = {0012-4508},
	url = {https://shs.cairn.info/revue-documentaliste-sciences-de-l-information-2007-1-page-75},
	doi = {10.3917/docsi.441.0075},
	pages = {75--75},
	number = {1},
	journaltitle = {Documentaliste-Sciences de l'Information},
	author = {Lénart, Michèle},
	urldate = {2025-04-18},
	date = {2007},
	langid = {french},
	keywords = {\_normalisation, {texThesau}},
}

@article{maroye_iso_2015,
	title = {{ISO} 25964 : de la distinction formelle concept/terme préconisée par la norme pour la création et la gestion des thésaurus},
	volume = {52},
	issn = {2428-2111},
	url = {https://shs.cairn.info/revue-i2d-information-donnees-et-documents-2015-1-page-72},
	doi = {10.3917/i2d.151.0072},
	shorttitle = {{ISO} 25964},
	pages = {72--80},
	number = {1},
	journaltitle = {I2D - Information, données \& documents},
	author = {Maroye, Laurence},
	urldate = {2025-04-11},
	date = {2015-04-03},
	langid = {french},
	keywords = {\_normalisation, {texThesau}},
}

@online{perrin_bonnes_2020,
	title = {Bonnes pratiques pour structurer un thésaurus},
	url = {https://opentheso.hypotheses.org/67},
	abstract = {[english version] Les langages {documentairesLa} structure d’un thésaurus Les relations d’équivalence Les relations hiérarchiques La relation générique (genre/espèce) La relation partitive (tout/partie) La relation d’instance (classe/instance) La polyhiérarchie Les termes de tête ou Top...},
	titleaddon = {Opentheso},
	type = {Billet},
	author = {Perrin, Emmanuelle},
	urldate = {2025-04-18},
	date = {2020-09-28},
	langid = {french},
	doi = {10.58079/sjjl},
	keywords = {\_normalisation, \_theorie, {texThesau}},
}

@online{ministere_de_la_culture_vocabulaires_nodate,
	title = {Vocabulaires scientifiques du Service des musées de France {\textbar} Ministère de la Culture},
	url = {https://www.culture.gouv.fr/thematiques/musees/pour-les-professionnels/conserver-et-gerer-les-collections/informatiser-les-collections-d-un-musee-de-france/vocabulaires-scientifiques-du-service-des-musees-de-france},
	titleaddon = {Ministère de la Culture},
	author = {{Ministère de la Culture}},
	urldate = {2025-04-18},
	keywords = {\_normalisation, {texThesau}},
}

@article{bermes_cas_2013,
	title = {Cas D : Lier les données internes avec le {LED}},
	issn = {0184-0886},
	url = {https://shs-cairn-info.proxy.chartes.psl.eu/le-web-semantique-en-bibliotheque--9782765414179-page-153},
	shorttitle = {Cas D},
	pages = {153--164},
	journaltitle = {Bibliothèques},
	author = {Bermès, Emmanuelle and Isaac, Antoine and Poupeau, Gautier},
	urldate = {2025-05-19},
	date = {2013},
	langid = {french},
	keywords = {\_webSemantique, {texThesau}},
}

@article{bartholomew_converting_2024,
	title = {Converting the Bliss Bibliographic Classification to {SKOS} {RDF} using Python {RDFLib}},
	issn = {1940-5758},
	url = {https://journal.code4lib.org/articles/18073},
	abstract = {This article discusses the project undertaken by the library of Queens’ College, Cambridge, to migrate its classification system to {RDF} applying the {SKOS} data model using Python. Queens’ uses the Bliss Bibliographic Classification alongside 18 other {UK} libraries, most of which are small libraries of the colleges at the Universities of Oxford and Cambridge. Though a flexible and universal faceted classification system, Bliss faces challenges due to its unfinished state, leading to the evolution in many Bliss libraries of divergent, in-house adaptations of the system to fill in its gaps. For most of the official, published parts of Bliss, a uniquely formatted source code used to generate a typeset version is available online. This project focused on converting this source code into a {SKOS} {RDF} linked-data format using Python: first by parsing the source code, then using {RDFLib} to write the concepts, notation, relationships, and notes in {RDF}. This article suggests that the {RDF} version has the potential to prevent further divergence and unify the various Bliss adaptations and reflects on the limitations of {SKOS} when applied to complex, faceted systems.},
	number = {59},
	journaltitle = {The Code4Lib Journal},
	author = {Bartholomew, Harry},
	urldate = {2025-07-10},
	date = {2024-10-07},
	keywords = {\_normalisation, \_webSemantique, {texThesau}},
}
