@article{bartholomewConvertingBlissBibliographic2024,
  title = {Converting the {{Bliss Bibliographic Classification}} to {{SKOS RDF}} Using {{Python RDFLib}}},
  author = {Bartholomew, Harry},
  date = {2024-10-07},
  journaltitle = {The Code4Lib Journal},
  number = {59},
  issn = {1940-5758},
  url = {https://journal.code4lib.org/articles/18073},
  urldate = {2025-07-10},
  abstract = {This article discusses the project undertaken by the library of Queens’ College, Cambridge, to migrate its classification system to RDF applying the SKOS data model using Python. Queens’ uses the Bliss Bibliographic Classification alongside 18 other UK libraries, most of which are small libraries of the colleges at the Universities of Oxford and Cambridge. Though a flexible and universal faceted classification system, Bliss faces challenges due to its unfinished state, leading to the evolution in many Bliss libraries of divergent, in-house adaptations of the system to fill in its gaps. For most of the official, published parts of Bliss, a uniquely formatted source code used to generate a typeset version is available online. This project focused on converting this source code into a SKOS RDF linked-data format using Python: first by parsing the source code, then using RDFLib to write the concepts, notation, relationships, and notes in RDF. This article suggests that the RDF version has the potential to prevent further divergence and unify the various Bliss adaptations and reflects on the limitations of SKOS when applied to complex, faceted systems.},
  keywords = {_normalisation,_webSemantique,texThesau}
}

@article{bermesCasLierDonnees2013a,
  title = {Cas D : Lier les données internes avec le LED},
  shorttitle = {Cas D},
  author = {Bermès, Emmanuelle and Isaac, Antoine and Poupeau, Gautier},
  date = {2013},
  journaltitle = {Bibliothèques},
  pages = {153--164},
  issn = {0184-0886},
  url = {https://shs-cairn-info.proxy.chartes.psl.eu/le-web-semantique-en-bibliotheque--9782765414179-page-153},
  urldate = {2025-05-19},
  langid = {french},
  keywords = {_webSemantique,texThesau}
}

@inproceedings{bermesConvergenceInteroperabiliteLapport2011,
  title = {Convergence et Interopérabilité : L’apport Du {{Web}} de Données},
  booktitle = {77th {{IFLA General Conference}} and {{Assembly}} : {{World Library}} and {{Information Congress}} : {{Libraries}} beyond Libraries: {{Integration}}, {{Innovation}} and {{Information}} for All},
  author = {Bermès, Emmanuelle},
  date = {2011-08-13},
  publisher = {Fédération internationale des associations de bibliothécaires et d’institutions},
  location = {San Juan, Puerto Rico},
  url = {https://experts.bnf.fr/node/34958},
  keywords = {_webSemantique,texThesau}
}

@incollection{bermesVersNouveauxCatalogues2016,
  title = {Vers de nouveaux catalogues ? Propos introductif},
  shorttitle = {Vers de nouveaux catalogues ?},
  booktitle = {Vers de nouveaux catalogues},
  author = {Bermès, Emmanuelle},
  date = {2016},
  pages = {9--12},
  publisher = {Éditions du Cercle de la Librairie},
  doi = {10.3917/elec.berme.2016.01.0009},
  url = {https://shs-cairn-info.proxy.chartes.psl.eu/vers-de-nouveaux-catalogues--9782765415138-page-9},
  urldate = {2025-05-20},
  langid = {french},
  keywords = {_outils,_theorie,texThesau}
}

@article{chichereauNormesConceptionGestion2007,
  title = {Les normes de conception, gestion et maintenance de thésaurus:Évolutions récentes et perspectives},
  shorttitle = {Les normes de conception, gestion et maintenance de thésaurus},
  author = {Chichereau, Dominique and Contat, Odile and Dégez, Danièle and Deniau, Alina and Lénart, Michèle and Masse, Claudine and Ménillet, Dominique},
  date = {2007},
  journaltitle = {Documentaliste-Sciences de l'Information},
  volume = {44},
  number = {1},
  pages = {66--74},
  issn = {0012-4508},
  doi = {10.3917/docsi.441.0066},
  url = {https://shs.cairn.info/revue-documentaliste-sciences-de-l-information-2007-1-page-66},
  urldate = {2025-04-30},
  langid = {french},
  keywords = {_normalisation,_theorie,texThesau}
}

@online{griveauNouveauxCataloguesNouvelles2025,
  title = {Nouveaux catalogues : nouvelles interfaces, nouveaux usages},
  shorttitle = {Nouveaux catalogues},
  author = {Griveau, Maxime},
  date = {2025-05-17T17:22:10+00:00},
  url = {https://vousneregardezpasassezlesimages.fr/2025/05/17/nouveaux-catalogues-nouvelles-interfaces-nouveaux-usages/},
  urldate = {2025-05-20},
  abstract = {Les interfaces : nouvelles architectures ? 2100, France, la Bibliothèque nationale vient d’achever la numérisation de l’entièreté de sa collection. Le site François-Mitterrand, reflet de «\,l’utopie…},
  langid = {french},
  organization = {Vous ne regardez pas assez les images},
  keywords = {_outils,texThesau}
}

@article{hudonISO25964Pour2012a,
  title = {ISO 25964 : pour le développement, la gestion et l’interopérabilité des langages documentaires},
  shorttitle = {ISO 25964},
  author = {Hudon, Michèle},
  date = {2012},
  journaltitle = {Documentation et bibliothèques},
  shortjournal = {documentation},
  volume = {58},
  number = {3},
  pages = {130--140},
  issn = {0315-2340, 2291-8949},
  doi = {10.7202/1028903ar},
  url = {https://www.erudit.org/fr/revues/documentation/2012-v58-n3-documentation01721/1028903ar/},
  urldate = {2025-05-26},
  abstract = {Description du contexte au sein duquel la norme ISO 25964 Thésaurus et interopérabilité avec les autres vocabulaires a été conçue et élaborée. Présentation de la structure de la norme. Évocation de l’impact potentiel de cette norme sur l’interopérabilité sémantique des systèmes et sur la recherche d’information.},
  langid = {french},
  keywords = {_normalisation,_THESAUgestion,texThesau}
}

@thesis{kellerEncadrerReingenierieDun2013,
  title = {Encadrer la réingénierie d'un thesaurus : méthode, enjeux et impacts pour l'équipe d'un service de veille et documentation en entreprise},
  shorttitle = {Encadrer la réingénierie d'un thesaurus},
  author = {Keller, Loraine},
  date = {2013-11-26},
  institution = {Institut national des techniques de la documentation du CNAM},
  url = {https://memsic.ccsd.cnrs.fr/mem_00945542},
  urldate = {2025-07-22},
  abstract = {L'auteur de ce mémoire présente une mission de réingénierie de thesaurus documentaire spécialisé, réalisée pour le service Veille et documentation du groupe bancaire BPCE. Après avoir présenté la nouvelle norme ISO 25964 sur les thesauri et ses principaux apports, elle examine les spécificités d'un thesaurus spécialisé et sa place dans l'entreprise. L'objet central de ce mémoire est de fournir des clés méthodologiques pour la gestion de projets de ce type et d'analyser l'impact en termes de montée en compétences pour les documentalistes impliquées et pour le management. Pour conclure, l'auteur s'intéresse aux implications de la seconde partie de la norme, portant sur l'interopérabilité entre les vocabulaires dans le contexte du Web sémantique, et les opportunités d'applications en entreprise.},
  langid = {french},
  keywords = {_normalisation,texThesau}
}

@inproceedings{kisterFusionDunThesaurus2009,
  title = {Fusion d'un thesaurus et d'une terminologie : utilisation de ressources existantes pour amorcer une onto-terminologie},
  shorttitle = {Fusion d'un thesaurus et d'une terminologie},
  booktitle = {ResearchGate},
  author = {Kister, Laurence and Jacquey, Evelyne and Gaiffe, Bertrand},
  date = {2009-11},
  url = {https://www.researchgate.net/publication/261146208_Fusion_d'un_thesaurus_et_d'une_terminologie_utilisation_de_ressources_existantes_pour_amorcer_une_onto-terminologie},
  urldate = {2025-07-22},
  abstract = {PDF | Résumé : Cet article porte sur l'enrichissement d'un thesaurus par une terminologie extraite d'un dictionnaire. Le thesaurus est structuré tandis... | Find, read and cite all the research you need on ResearchGate},
  eventtitle = {TIA},
  langid = {french},
  keywords = {_normalisation,texThesau}
}

@article{lenartSKOSLangageRepresentation2007,
  title = {SKOS, un langage de représentation de schémas de concepts},
  author = {Lénart, Michèle},
  date = {2007},
  journaltitle = {Documentaliste-Sciences de l'Information},
  volume = {44},
  number = {1},
  pages = {75--75},
  issn = {0012-4508},
  doi = {10.3917/docsi.441.0075},
  url = {https://shs.cairn.info/revue-documentaliste-sciences-de-l-information-2007-1-page-75},
  urldate = {2025-04-18},
  langid = {french},
  keywords = {_normalisation,texThesau}
}

@article{maroyeISO25964Distinction2015,
  title = {ISO 25964 : de la distinction formelle concept/terme préconisée par la norme pour la création et la gestion des thésaurus},
  shorttitle = {ISO 25964},
  author = {Maroye, Laurence},
  date = {2015-04-03},
  journaltitle = {I2D - Information, données \& documents},
  volume = {52},
  number = {1},
  pages = {72--80},
  issn = {2428-2111},
  doi = {10.3917/i2d.151.0072},
  url = {https://shs.cairn.info/revue-i2d-information-donnees-et-documents-2015-1-page-72},
  urldate = {2025-04-11},
  langid = {french},
  keywords = {_normalisation,texThesau}
}

@online{ministeredelacultureVocabulairesScientifiquesService,
  title = {Vocabulaires Scientifiques Du {{Service}} Des Musées de {{France}} | {{Ministère}} de La {{Culture}}},
  author = {{Ministère de la Culture}},
  url = {https://www.culture.gouv.fr/thematiques/musees/pour-les-professionnels/conserver-et-gerer-les-collections/informatiser-les-collections-d-un-musee-de-france/vocabulaires-scientifiques-du-service-des-musees-de-france},
  urldate = {2025-04-18},
  organization = {Ministère de la Culture},
  keywords = {_normalisation,texThesau}
}

@online{momNotreCatalogueFait2023,
  type = {Billet},
  title = {Notre catalogue fait peau neuve},
  author = {family=MOM, given=Bibliothèque, prefix=de la, useprefix=false},
  date = {2023-09-28},
  doi = {10.58079/t0bl},
  url = {https://prefixesmom.hypotheses.org/6159},
  urldate = {2025-05-14},
  abstract = {Ce chantier d’évolution de notre catalogue Frantiq a débuté depuis plusieurs mois pour permettre d’exploiter au mieux les nombreuses informations présentes dans notre catalogue et vous fournir une meilleure ergonomie. Ces améliorations ont ensuite été développées et mises en production cet été 2023, grâce au travail de notre prestataire informatique TAMIL, au suivi du directeur … Continuer la lecture de Notre catalogue fait peau neuve  →},
  langid = {french},
  organization = {Préfixes},
  keywords = {_exemple,_THESAUgestion,texThesau}
}

@online{moureauProblemesPosesPar1968,
  type = {Text},
  title = {Problèmes posés par la structure d'un thesaurus},
  author = {Moureau, Magdeleine},
  date = {1968-01-01},
  url = {https://bbf.enssib.fr/consulter/bbf-1968-05-0201-001},
  urldate = {2025-05-21},
  abstract = {Un service de documentation doit répondre à la double nécessité d'une diffusion rapide, périodique et systématique des informations et d'une recherche rétrospective de documents répondant à une question donnée. Les problèmes que pose cette conception, problèmes de classification, de sélection, nécessité de relations entre les éléments descripteurs sont étudiés à propos de la réalisation de l'outil d'indexation, le thesaurus},
  langid = {french},
  keywords = {_THESAUgestion,texThesau}
}

@online{perrinBonnesPratiquesPour2020,
  type = {Billet},
  title = {Bonnes pratiques pour structurer un thésaurus},
  author = {Perrin, Emmanuelle},
  date = {2020-09-28},
  doi = {10.58079/sjjl},
  url = {https://opentheso.hypotheses.org/67},
  urldate = {2025-04-18},
  abstract = {[english version] Les langages documentairesLa structure d’un thésaurus Les relations d’équivalence Les relations hiérarchiques La relation générique (genre/espèce) La relation partitive (tout/partie) La relation d’instance (classe/instance) La polyhiérarchie Les termes de tête ou Top...},
  langid = {french},
  organization = {Opentheso},
  keywords = {_normalisation,_theorie,texThesau}
}

@online{perrinConsoliderEnrichirSes2020,
  type = {Billet},
  title = {Consolider et enrichir ses données avec les alignements},
  author = {Perrin, Emmanuelle},
  date = {2020-09-28},
  doi = {10.58079/sjjk},
  url = {https://opentheso.hypotheses.org/52},
  urldate = {2025-04-29},
  abstract = {[english version] Interopérabilité, ouverture et réutilisation des données Ressources pour interrelier des vocabulaires Les types d’équivalence du modèle SKOS Aligner automatiquement des concepts dans Opentheso L’alignement automatique Sélection des concepts à aligner Sélection des...},
  langid = {french},
  organization = {Opentheso},
  keywords = {_normalisation,_webSemantique,texThesau}
}

@incollection{pitonNomsPropresGeographiques2004,
  title = {Les Noms Propres Géographiques et le Dictionnaire Prolintex, les lieux situés hors de France},
  booktitle = {INTEX : Pour la linguistique et le traitement automatique des langues},
  author = {Piton, Odile and Maurel, Denis},
  editor = {Muller, Claude and Royaute, Jean and Siberztein, Max},
  date = {2004},
  series = {Les Cahiers de la MSHE Ledoux},
  pages = {53--76},
  publisher = {Presses universitaires de Franche-Comté},
  location = {Besançon},
  url = {https://books.openedition.org/pufc/29977},
  urldate = {2025-04-30},
  abstract = {Dictionnaire électronique, Nom propre, ToponymeNous abordons un aspect particulier aux noms propres géographiques qui est d’être l’objet de décisions officielles prises dans un cadre national ou international. Après avoir donné quelques informations sur cette particularité, nous revenons sur la première version du dictionnaire Prolintex de noms propres géographiques que nous avons créé. Nous faisons un bilan de son utilisation et nous proposons une nouvelle version de ce dictionnaire.},
  isbn = {978-2-84867-824-5},
  langid = {french},
  keywords = {_normalisation,texThesau}
}

@report{RapportScientifiqueBibracte2022,
  title = {Rapport Scientifique. {{Bibracte}} Ville Ouverte},
  date = {2022-10},
  url = {https://www.collexpersee.eu/wp-content/uploads/2020/10/Rapport_scientifique_BibracteVilleOuverte.pdf},
  urldate = {2025-05-14},
  keywords = {_exemple,_normalisation,_THESAUgestion,texThesau}
}

@legislation{RecommandationConcernantNoms2008,
  title = {Recommandation Concernant Les Noms d'{{États}}, d'habitants, de Capitales, de Sièges Diplomatiques Ou Consulaires (Liste Établie Par Le Ministère Des Affaires Étrangères et Européennes)},
  date = {2008-09-24},
  journaltitle = {JORF},
  number = {91},
  url = {https://www.legifrance.gouv.fr/jorf/id/JORFTEXT000019509867/},
  urldate = {2025-05-19},
  keywords = {_normalisation,texThesau}
}
